4117 5842
301 582 359 634 641
600 561 815 619 controversiae
828 582 893 620 cum
906 563 1096 620 iconoclastis.
1109 563 1264 636 Gregorius
1277 567 1312 619 ll.
1546 587 1563 636 6
1569 586 1609 639 42

298 751 426 820 XXXIX,
451 749 582 810 Viennae
609 748 705 830 1898)
729 751 824 810 edidit
843 752 939 811 Bedee
966 751 1174 826 promIssisset,
1197 751 1366 810 novissimis
1390 752 1488 811 literis
1503 753 1611 831 imagi·

297 835 939 920 l.delocissanctis(p.301-327)dc
966 859 1040 898 num
1078 841 1192 900 cultum
1231 842 1382 901 vocaverit
1412 841 1611 901 idololatriam

297 929 419 1004 quibus,
438 929 651 1004 ,proutpotni,
668 931 703 986 ut
717 929 781 1005 ipss
797 947 820 987 s.
836 933 940 988 auctor
966 929 1003 987 ad
1019 947 1127 1004 easque
1142 929 1318 990 evertendas
1334 948 1398 989 sese
1414 932 1610 991 converterit:

296 1019 412 1078 latetur
435 1018 468 1076 in
492 1017 551 1076 fine
576 1018 605 1088 L,
635 1017 724 1077 fidem
749 1019 938 1078 historiarum
966 1021 997 1076 et
1033 1019 1114 1092 qaod
1150 1021 1286 1097 neglecto
1317 1020 1460 1079 Germano
1482 1021 1610 1096 patriar·

296 1109 418 1166 secutas
443 1107 567 1182 exposui
598 1110 628 1166 et
658 1109 781 1166 maxime
811 1107 939 1166 dictatus
966 1107 1020 1166 cha
1050 1108 1103 1171 ΟΡ,
1135 1109 1305 1184 improbum
1336 1109 1498 1184 Ephesium
1520 1109 1610 1186 Apsi-

296 1196 439 1256 Arcnlf
443 1198 454 1254 7
487 1195 649 1255 Galliarum
681 1197 825 1273 episcopi,
863 1215 938 1272 quos
966 1196 1031 1254 nari
1046 1196 1143 1255 filium
1164 1197 1301 1260 audierit.
1332 1197 1426 1268 ,Scia
1453 1199 1562 1275 inquit,
1586 1217 1610 1262 0.

297 1285 519 1345 eruditissimus
541 1285 573 1342 in
596 1285 758 1361 Scripturis
780 1286 940 1361 presbyter
965 1285 1114 1344 Ecclesiae
1143 1287 1282 1364 dogmata
1307 1306 1367 1345 000
1395 1288 1609 1362 imperatorum

296 1375 542 1434 Adamnanus
568 1371 616 1456 (ef.
639 1394 668 1450 p.
693 1373 770 1452 649)
796 1374 938 1433 lacinioso
967 1393 1039 1444 0000,
1062 1377 1113 1434 aed
1128 1376 1321 1452 pontificum
1343 1376 1453 1435 idcireo
1476 1377 1608 1436 ecclesiis

296 1481 433 1523 sermone
442 1463 611 1522 describens
620 1463 718 1523 tribus
731 1463 842 1522 libellis
859 1482 937 1522 com·
967 1465 1131 1538 praepositi
1141 1467 1214 1524 0007
1223 1465 1378 1541 pontifices
1393 1485 1412 1522 0
1426 1464 1609 1541 reipublicae

295 1552 541 1629 prehendit‘-
557 1552 618 1612 Sub
634 1553 730 1612 Bedae
746 1552 866 1612 nomine
882 1552 938 1611 eir·
967 1554 1098 1630 negotiis
1128 1554 1323 1624 abstinentes,
1354 1558 1385 1613 et
1415 1553 1609 1629 imperatores

295 1643 462 1702 cumfertnr
484 1644 515 1700 et
532 1643 744 1718 poenitentiale,
768 1642 825 1702 alia
848 1645 938 1717 atque
966 1661 1037 1718 ergo
1047 1643 1187 1702 similiter
1195 1643 1367 1702 abstineant
1381 1643 1418 1702 ab
1432 1643 1609 1702 ecclesiasti-

295 1733 465 1792 aliaforma.
490 1731 596 1790 Forma
612 1734 659 1789 sat
671 1732 774 1807 jejuna
789 1733 820 1789 et
836 1749 939 1790 manca
966 1730 1008 1789 cis
1027 1734 1058 1788 07
1080 1750 1156 1808 quae
1173 1733 1231 1790 sibi
1248 1733 1403 1791 commissa
1419 1735 1492 1791 0007
1506 1751 1608 1809 capes·

295 1821 442 1897 ejusmodi
467 1818 670 1879 Poenttmticle
691 1821 811 1879 exhibet
834 1820 938 1879 Wss-
966 1823 1062 1880 sent‘
1078 1821 1205 1898 Egregie
1218 1822 1286 1880 dein
1295 1839 1333 1884 ss.
1342 1820 1507 1898 imaginum
1517 1839 1609 1880 usam

295 1909 551 1970 serschleben
567 1909 747 1968 inBussord.
759 1909 812 1968 der
827 1909 938 1968 abend-
965 1913 996 1967 et
1011 1911 1127 1968 cultum
1142 1914 1254 1970 tuetur.
1279 1911 1352 1969 cum
1366 1910 1528 1986 imperator
1546 1928 1610 1970 000

294 1999 373 2058 lund.
400 1999 508 2057 KIrohe
530 2019 558 2074 p.
584 2007 767 2068 220-230,
794 1998 938 2072 illiusque
965 1998 1151 2072 resipuisset,
1179 1999 1302 2058 alteram
1317 2003 1387 2076 post
1402 2019 1428 2058 a.
1445 2008 1508 2061 729
1525 1999 1610 2058 misit

294 2088 513 2165 genuinitatem
538 2091 643 2146 tuetur
670 2088 710 2146 ib.
734 2108 763 2163 p.
791 2096 937 2158 27-39;
966 2087 1133 2162 epistolem,
1150 2089 1181 2147 in
1196 2108 1257 2164 qua
1272 2091 1380 2148 iterum
1395 2089 1534 2158 inculcat,
1551 2089 1607 2146 im·

294 2178 415 2236 exbibet
437 2180 469 2236 et
491 2176 659 2234 Schmitz
681 2177 733 2235 Dis
748 2177 939 2235 Bussbtioher
965 2178 1096 2250 peretori
1111 2197 1171 2236 000
1187 2178 1276 2236 licere
1287 2177 1455 2236 immiscere
1470 2196 1500 2236 00
1516 2196 1606 2255 nego-

293 2267 315 2336 1,
330 2275 523 2335 556-5643
540 2267 577 2335 II,
590 2275 774 2338 654-659,
791 2266 844 2340 qni
860 2265 938 2324 illud
965 2265 1017 2324 tiis
1034 2267 1250 2326 ecclesiasticis.
1281 2267 1341 2324 Has
1365 2267 1505 2343 epistolas
1512 2265 1537 2349 ¹)
1560 2285 1606 2325 re·

294 2355 485 2432 supposItum
501 2358 532 2412 et
546 2354 721 2413 recentioris
732 2355 856 2431 originis
868 2373 936 2413 ceu·
964 2354 1045 2428 perit
1056 2355 1201 2415 Fronto
1218 2357 1253 2414 le
1270 2357 1347 2414 Duc
1361 2356 1607 2432 primusqueedi-

292 2448 353 2515 set,
375 2444 488 2521 reperit
510 2447 541 2502 et
562 2443 702 2502 Albsrs
725 2447 814 2519 atque
838 2463 936 2502 smen-
964 2443 1009 2502 dit
1025 2445 1219 2504 Beronius
1243 2446 1274 2502 in
1296 2445 1403 2509 Annal.
1426 2445 1464 2504 ad
1486 2465 1511 2503 a.
1535 2455 1608 2518 726,

293 2535 395 2592 (latius
412 2533 508 2591 edidit
522 2532 554 2590 in
570 2532 680 2591 Archiv
695 2533 715 2590 f.
731 2533 760 2591 h.
776 2533 836 2593 KR.
853 2543 930 2597 1901
963 2535 1054 2608 atque
1066 2533 1333 2593 indetranaierant
1347 2534 1379 2591 70
1395 2535 1510 2596 collect.
1526 2552 1606 2593 conc.

291 2644 321 2700 p.
339 2631 525 2696 399-418,
542 2621 678 2697 illudque
691 2622 788 2680 Bodas
803 2627 936 2697 tempore
964 2621 1100 2681 Pontifex
1115 2641 1235 2699 qnoque
1251 2623 1411 2682 concilium
1433 2624 1507 2697 forts
1530 2624 1609 2682 circa

291 2711 493 2787 compositum
515 2711 610 2769 fuisse
633 2711 754 2786 conjicit
776 2715 807 2769 et
829 2711 934 2786 proba·
963 2729 987 2768 a.
1001 2720 1062 2773 727
1075 2712 1188 2782 habuit,
1206 2713 1236 2770 in
1253 2730 1312 2787 qua
1323 2711 1489 2770 doctrinam
1505 2713 1605 2770 catho-

290 2800 501 2860 biliterBedae
513 2818 578 2858 esse
594 2818 669 2876 opus
680 2800 796 2858 statuit.
810 2833 846 2844 -
861 2801 935 2873 Epi·
963 2799 1048 2858 licam
1073 2800 1215 2860 adversus
1248 2819 1285 2865 00,
1310 2799 1476 2878 imaginum
1500 2801 1604 2858 adver-

289 2891 364 2949 stola
388 2889 520 2966 Sergii
541 2890 555 2947 I
577 2889 673 2965 Papae
695 2889 732 2947 ad
755 2888 933 2948 ceolfridum
963 2887 1056 2947 serios
1073 2891 1203 2948 asseruit
1226 2893 1317 2966 atque
1339 2888 1518 2948 vindicavit..
1542 2887 1606 2957 Qua

290 3024 297 3038 .
314 3023 321 3035 .
339 2978 397 3036 ‚de
408 2979 562 3036 Bedaven.
573 2978 694 3036 Romam
704 2979 934 3036 transmittendo
962 2977 999 3036 de
1022 2997 1054 3036 re
1077 2978 1299 3038 Hadrianus
1322 2998 1398 3054 papa
1413 2978 1451 3036 sd
1467 2979 1605 3037 Oarolum

290 3065 433 3148 (hligne
450 3063 749 3146 0007771003)
765 3069 935 3142 plusquam
962 3067 1014 3127 u:
1042 3068 1209 3134 ,Dominus
1226 3068 1388 3144 Gregorius
1410 3086 1487 3143 papa
1501 3066 1607 3142 junior

289 3157 385 3216 dubia
401 3155 546 3214 censenda
561 3159 615 3214 est.
962 3175 1023 3214 una
1038 3175 1105 3215 cum
1124 3168 1164 3220 79
1182 3175 1221 3219 00.
1243 3157 1389 3233 episcopis
1406 3159 1474 3214 0070
1490 3155 1605 3214 confes·

962 3245 1077 3304 sionem
1091 3245 1119 3303 b.
1137 3247 1217 3304 Petri
1241 3247 1444 3322 apostolorum
1460 3245 1604 3321 prIncipis

336 3344 410 3398 353.
427 3333 511 3393 Nova
526 3335 592 3392 orta
607 3338 654 3393 est
669 3335 799 3394 haeresis
815 3335 869 3393 hac
886 3353 933 3394 ae·
960 3333 1133 3409 praesidens
1145 3335 1306 3394 unasimul
1316 3335 1480 3394 maltorum
1497 3352 1537 3396 as.
1552 3353 1604 3411 pa·

287 3427 352 3483 tate
367 3423 401 3483 in
411 3423 533 3482 Oriente
543 3423 666 3482 70707770
682 3424 781 3484 turbis
792 3425 855 3500 jem
871 3425 934 3500 agi·
961 3428 1042 3482 trum
1052 3425 1224 3484 testimonia
1232 3425 1408 3485 roborantes
1424 3424 1559 3482 venerari
1572 3442 1605 3482 ac

288 3515 362 3583 7070,
386 3514 508 3571 auctore
523 3512 620 3573 Leone
636 3512 681 3570 ΠΙ
703 3513 834 3572 Isaurico
851 3514 932 3588 imp,
962 3514 1082 3572 adorare
1093 3532 1131 3575 00.
1140 3514 1286 3592 imagines
1297 3516 1510 3580 censuerunt<
1527 3513 1605 3572 ilinc

288 3603 343 3678 qui
368 3601 511 3679 ignobilis
536 3601 715 3661 conditionis
741 3605 772 3660 et
801 3601 934 3661 moribus
961 3603 1123 3677 imperator
1138 3604 1182 3662 ira
1203 3605 1236 3662 in
1251 3603 1422 3680 pontificem
1437 3603 1603 3674 excanduit,

288 3691 375 3750 rudis
399 3691 458 3749 sibi
480 3691 638 3765 imperium
657 3691 815 3766 usurpavit
831 3686 932 3773 (717).
961 3691 1067 3767 bisque
1098 3692 1162 3768 ejus
1191 3693 1334 3752 exarchae
1362 3695 1539 3751 ravennates
1566 3693 1604 3751 ad

287 3780 371 3839 Circa
387 3799 413 3842 a.
424 3789 486 3842 726
504 3779 601 3856 coepit
616 3799 653 3840 ss.
670 3781 852 3857 imagInibus
869 3780 932 3838 bel·
960 3785 1088 3840 mortem
1110 3783 1138 3839 ei
1160 3781 1344 3840 inferendam
1360 3781 1494 3852 insidias,
1517 3781 1604 3840 irrito

287 3870 352 3928 lnm
368 3867 501 3928 indicere
522 3887 629 3946 easque
652 3869 845 3947 confringere.
877 3869 932 3928 lte-
959 3873 1062 3928 tamen
1077 3874 1193 3942 conata,
1211 3873 1394 3931 struxerunt.
1425 3871 1533 3948 Magna
1547 3871 1604 3930 bu·

288 3958 372 4017 stitit
396 3957 573 4017 fortitudine
603 3957 764 4035 apostolica
788 3959 931 4036 Grego-
956 3961 1008 4034 jus
1024 3960 1175 4035 pontificis
1185 3960 1291 4019 merita
1301 3963 1374 4019 sunt
1383 3959 1474 4018 etiam
1489 3961 1521 4018 in
1532 3960 1604 4018 Ger·

286 4048 373 4107 rius
389 4047 436 4117 Π,
453 4049 506 4123 qui
515 4047 624 4106 Romae
639 4051 738 4119 natus,
756 4047 813 4106 sub
830 4047 931 4125 Sergio
960 4049 1104 4107 maniam:
1121 4068 1190 4108 nam
1206 4054 1324 4126 accepto
1340 4049 1448 4108 nuntio
1465 4049 1501 4106 de
1516 4048 1605 4106 lastis

287 4135 490 4195 subdiaconus
507 4139 538 4194 et
547 4137 727 4206 sacellarius,
745 4136 932 4196 Constantini
960 4137 1193 4213 praedicationis
1210 4157 1233 4197 s.
1250 4138 1392 4197 Bonifatii
1407 4156 1463 4213 per
1485 4155 1534 4195 eas
1558 4156 1604 4195 re·

285 4224 447 4302 pontificis,
471 4225 543 4284 dum
560 4225 848 4301 Constantinopolim
863 4242 931 4302 pro·
960 4226 1066 4302 giones
1081 4227 1230 4287 fructibus
1245 4247 1314 4286 eum
1329 4229 1452 4287 Itomam
1476 4227 1603 4295 vocavIt,

286 4315 478 4385 fioisceretur,
495 4332 601 4384 comes,
619 4314 738 4373 demum
755 4315 931 4390 postpouti-
960 4315 1135 4392 episcopum
1161 4316 1341 4376 consecravit
1369 4315 1540 4391 iterumque
1571 4316 1604 4372 in

285 4404 358 4464 fiess
374 4405 487 4478 septem
499 4403 625 4480 originis
635 4421 756 4480 graecae
772 4404 819 4462 vel
837 4404 931 4481 syria·

285 4511 338 4551 cae
349 4491 585 4568 primusiterum
592 4492 751 4563 Romanus,
762 4491 931 4552 cathedram
1000 4490 1017 4558 ¹)
1031 4486 1087 4540 Eas
1103 4502 1162 4540 non
1182 4502 1242 4540 esse
1262 4484 1404 4555 genuinas
1423 4483 1603 4566 contendunt

794 4583 831 4642 a'.
859 4592 930 4646 715.
958 4557 989 4618 L,
1004 4554 1603 4626 (706000070770700300(1000700100ιο

285 4600 309 4641 ε’
330 4579 423 4684 ,Pitri
449 4581 663 4684 .⁰⁰ni⁰end⁰.mi
691 4593 739 4646 19‘
764 4581 832 4682 HJ·
959 4632 989 4683 et
1013 4629 1162 4683 d'histoire
1190 4628 1304 4684 18sz
1339 4634 1459 4684 44-60·
1485 4629 1515 4679 07
1539 4626 1604 4679 Du·

284 4670 401 4746 ReJecrt
411 4669 507 4730 edicta
516 4671 680 4746 impermha
692 4671 728 4730 de
741 4670 931 4748 confrmgen·
960 4702 1097 4754 chesne
1116 4700 1166 4755 fib·
1187 4699 1237 4753 fib·
1256 4669 1338 4769 poit.
1352 4699 1372 4763 1¹
1386 4703 1438 4754 413
1451 4669 1479 4751 ᾗ,
1494 4701 1537 4762 75,
1550 4703 1603 4766 qm

286 4759 335 4818 dis
351 4777 406 4835 per
420 4758 538 4818 Italiam
554 4777 590 4819 ss.
606 4759 799 4838 imaginibus,
816 4763 847 4819 st
862 4779 930 4837 gra·
958 4773 1056 4826 temen
1070 4787 1128 4824 non
1141 4771 1266 4835 dubitat,
1279 4769 1422 4842 genuinas
1435 4769 1505 4823 olim
1518 4768 1603 4822 exsti·

285 4849 427 4908 vissimas
444 4848 480 4908 ad
496 4848 705 4924 imperatorem
720 4849 804 4909 dedit
819 4849 932 4925 episto.
959 4843 1037 4896 tiase.
1062 4841 1185 4897 [sabbe
1204 4841 1270 4896 illas
1282 4840 1388 4896 tribuIt
1400 4840 1538 4965 Gregorio
1552 4839 1602 4894 III.

284 4937 331 4997 las
342 4931 400 5020 (2),
415 4937 449 4996 in
464 4955 592 5013 quarum
600 4938 698 5014 prima
713 4957 771 5002 00,
784 4946 845 5003 729
863 4956 931 4997 eum
960 4913 1009 4996 Cf..
1024 4913 1098 4967 Hes
1102 4913 1158 4968 010
1181 4912 1423 4983 Conciliongesch.
1446 4913 1457 4964 I
1475 4913 1487 4965 l
1505 4921 1519 4978 0
1539 4917 1604 4976 332,

284 5027 301 5084 f
348 5027 354 5039 .
429 5026 435 5038 .
960 5003 1012 5054 qur
1024 4987 1197 5056 argumenta
1215 4987 1315 5039 contre
1335 4985 1491 5038 earundem
1507 4982 1604 5038 litera·

297 5029 405 5086 “mr
427 5031 570 5104 m⁰¹⁰P⁸tv
595 5027 675 5104 q¹²⁰d
697 5047 765 5088 cum
788 5027 823 5086 de
846 5046 931 5104 ΡΜ
959 5073 1023 5110 rum
1038 5055 1248 5128 genuinitatim
1268 5072 1326 5111 non
1345 5055 1444 5126 magni
1464 5053 1601 5110 momenti

285 5116 380 5193 ceptis
391 5119 512 5193 petrum
522 5116 676 5176 ser-randis
687 5116 807 5192 saepius
822 5117 932 5193 scripto
960 5143 1018 5182 esse
1033 5133 1137 5182 censet.

397 5225 492 5283 Hortor,
506 5225 670 5274 Nomeneletcr
683 5227 693 5273 1
706 5227 744 5274 ed.
758 5225 799 5276 111.
1408 5224 1436 5273 21
