4117 5842
400 604 469 665 VIII

491 784 655 859 Sequemur
677 784 810 844 ordinem
834 784 1076 863 chronologicum
1098 803 1239 864 supremo
1264 786 1344 847 ritee
1368 804 1446 848 nnnc
1471 786 1715 847 determinatum.

399 890 478 962 Illos,
502 909 631 967 quorum
656 892 761 951 mortis
785 910 882 953 annus
906 892 954 954 rel
979 893 1111 953 Incertus
1134 896 1181 954 est
1201 892 1249 953 rel
1271 893 1360 953 nobis
1374 894 1556 972 incognitus,
1573 894 1712 953 asterisco
1835 882 1839 889 ’

398 997 596 1057 iudicabimus
612 1000 643 1057 et
652 1014 730 1057 anno
739 998 966 1077 assignabimus,
982 1018 1043 1076 quc
1060 1000 1158 1061 adhuc
1170 1000 1307 1061 sinerint.
1324 1001 1546 1062 Distribnemus
1556 1001 1716 1080 theologos

399 1104 562 1165 secundnm
578 1125 598 1164 n
607 1105 762 1165 stiones
778 1106 876 1166 rarius
892 1106 925 1166 in
940 1106 1046 1167 classes
1061 1126 1115 1183 pro
1131 1107 1301 1167 seculorum
1316 1108 1413 1184 lapsu.
1435 1107 1528 1167 Initio
1543 1106 1664 1183 quidem
1679 1107 1713 1167 in

399 1212 559 1272 orientales
571 1214 602 1270 et
613 1211 818 1273 occidentales.
834 1212 959 1291 Vigente
971 1213 1051 1273 enim
1063 1213 1190 1291 imperio
1203 1233 1325 1275 romano
1333 1215 1382 1275 vel
1396 1215 1480 1276 illius
1490 1197 1596 1275 umbra
1612 1216 1715 1275 variae

399 1319 535 1379 ustiones
559 1336 621 1378 non
636 1318 709 1379 adeo
724 1319 804 1379 inter
820 1336 852 1379 se
867 1322 954 1379 erant
969 1318 1123 1383 discretae.
1153 1319 1180 1379 Δ
1196 1320 1295 1380 seculo
1311 1320 1367 1379 XII
1381 1320 1450 1381 illos
1474 1324 1645 1399 quatuor
1664 1320 1713 1380 di·

399 1424 517 1484 stinctie
542 1424 746 1485 exhibebimus
763 1425 927 1497 columnis;
952 1424 1074 1484 demum
1097 1444 1116 1484 a
1139 1442 1197 1490 sec.
1220 1426 1296 1486 XVI.
1326 1427 1463 1487 nationes
1486 1428 1711 1505 distinguemus

399 1532 522 1606 septem,
547 1530 609 1593 scil.
634 1550 846 1609 germanos,
872 1533 1047 1609 polonos,
1071 1533 1218 1611 anglos,
1243 1533 1388 1611 belgas,
1413 1534 1552 1612 gallos,
1577 1534 1707 1605 italos,

398 1636 596 1714 hispanos,
623 1638 680 1697 snb
704 1638 816 1714 quibus
832 1636 935 1698 affines
961 1640 1191 1717 complectemur
1206 1639 1297 1699 etiam
1312 1643 1428 1718 gentes.
1459 1640 1585 1700 Batinum
1609 1639 1716 1699 habita

398 1742 699 1821 disciplinarum
714 1746 810 1821 primo
826 1744 948 1821 quidem
964 1746 1264 1822 quadruplicem
1285 1746 1422 1806 dabimus
1437 1747 1609 1806 elenchum:
1624 1747 1714 1807 theo·

401 1851 537 1928 logcrnm
553 1851 614 1911 scil
630 1870 742 1924 eornm,
758 1852 812 1929 qui
822 1852 911 1913 rolin
921 1853 1073 1931 theologia
1088 1853 1261 1931 dogmati
1271 1872 1311 1913 ca
1325 1854 1397 1913 usui
1411 1854 1506 1932 megis
1522 1871 1586 1913 esse
1595 1854 1712 1932 possint

399 1952 502 2041 (quum
517 1960 620 2036 postea
634 1958 666 2019 in
683 1959 962 2020 scholasticam
979 1962 1010 2019 et
1024 1961 1253 2037 polemicam
1268 1960 1713 2038 distinguemnsseucuiadde·

399 2084 466 2125 mus
481 2064 636 2143 religionis
651 2064 828 2125 christianae
853 2062 1096 2149 apologiam),
1120 2068 1169 2127 vel
1184 2068 1238 2144 qui
1253 2067 1290 2126 de
1306 2086 1343 2127 ss.
1368 2067 1505 2127 literis
1527 2071 1711 2140 mernerunt,

398 2173 447 2232 rel
462 2173 515 2249 qui
530 2172 562 2233 in
579 2172 763 2250 argumentis
779 2173 889 2233 versati
906 2176 979 2233 suut
1001 2174 1211 2233 historicis
1234 2168 1338 2257 (etiam
1360 2174 1393 2233 in
1408 2174 1620 2251 urcheeolcgia,
1637 2173 1714 2233 sctis

399 2276 585 2350 Sanctorum,
601 2278 726 2338 historia
741 2278 883 2353 literaria,
900 2278 1122 2358 haereseologia
1136 2275 1214 2362 etc),
1234 2280 1283 2340 rel
1307 2280 1360 2356 qui
1384 2280 1504 2339 demum
1530 2279 1709 2357 theologiam

400 2384 592 2445 excoluerunt
616 2386 829 2463 practicam
855 2381 924 2470 (sub
948 2404 1008 2462 que
1031 2387 1255 2464 complectimur
1262 2388 1313 2463 jus
1328 2386 1510 2457 canonicum,
1528 2386 1709 2464 theologiam

400 2492 540 2551 moralem
555 2495 587 2552 et
601 2493 789 2569 pastoralem,
805 2493 977 2571 liturgicum
994 2493 1193 2570 etmysticam
1203 2512 1257 2553 seu
1266 2494 1422 2553 asceticam
1432 2489 1512 2574 etc).
1528 2493 1711 2553 decentiori·

398 2598 456 2657 bus
473 2599 580 2659 seculis
604 2600 767 2677 adjecimus
791 2602 1068 2679 Patrologium
1093 2600 1282 2678 disciplinam
1305 2601 1365 2661 fere
1389 2601 1547 2660 novellam.
1578 2600 1713 2678 Singulis

400 2704 470 2766 dein
485 2706 575 2766 tomis
591 2706 790 2782 amplissimos
807 2708 1000 2785 subjiciemus
1023 2708 1146 2779 indices,
1169 2707 1279 2784 quibus
1304 2706 1450 2766 lectorum
1473 2707 1625 2766 commodo
1641 2724 1712 2766 con·

400 2812 499 2871 eulere
515 2812 713 2877 studebimus.

489 2918 556 2979 Non
571 2921 788 2981 recensebimus
804 2940 893 2999 opere
917 2920 1016 2981 omnia
1040 2916 1108 3003 (nec
1124 2920 1286 2979 eorundem
1302 2918 1448 2980 editiones
1464 2915 1580 3003 omnes)
1596 2920 1711 2979 theolo-

399 3044 516 3104 gorum,
532 3044 607 3102 quos
622 3028 871 3099 enumerabimus,
894 3045 931 3086 ne
954 3027 1030 3087 citra
1050 3026 1257 3087 necessitatem
1270 3027 1384 3085 librum
1399 3030 1538 3086 nostrum
1553 3044 1712 3087 oneremus

400 3152 524 3210 operum
539 3134 656 3204 titulis;
673 3133 726 3193 sed
742 3136 861 3193 tantum
876 3134 1052 3211 insigniore,
1075 3153 1151 3210 quae
1175 3133 1222 3193 sel
1235 3133 1379 3205 utilitate,
1404 3134 1452 3193 sel
1468 3133 1647 3206 eruditione,
1663 3133 1712 3191 rel

399 3239 607 3316 singularitate
623 3239 670 3299 vel
684 3238 761 3297 fama
776 3239 877 3315 aliquo
899 3239 987 3298 modo
1010 3240 1170 3300 excellunt.
1201 3240 1352 3299 Addamus
1375 3239 1563 3299 eruditorum
1586 3238 1623 3297 de
1648 3238 1710 3298 illis

400 3365 540 3407 censuras
556 3349 705 3423 quotquot
726 3346 855 3424 reperire
871 3348 1036 3427 potuimus,
1060 3367 1276 3424 nonnunquam
1298 3350 1329 3406 et
1351 3348 1491 3417 nostram,
1516 3349 1552 3404 ut
1567 3347 1655 3422 quale
1671 3346 1712 3406 eit

400 3453 497 3531 operis
513 3452 653 3529 pretium,
669 3453 763 3513 lector
777 3454 925 3530 conjiciat.
956 3454 1013 3523 Qui
1034 3473 1105 3515 vero
1121 3454 1256 3514 omnium
1267 3452 1383 3529 judicio
1398 3452 1478 3511 inter
1494 3470 1564 3512 euos
1579 3453 1714 3513 eminent

400 3558 545 3635 aequules‚
562 3560 598 3617 ut
613 3558 745 3636 theologi
761 3559 851 3636 primi
866 3560 980 3619 ordinis
1002 3560 1084 3620 heud
1106 3560 1255 3620 immerito
1271 3560 1417 3631 dicantur,
1434 3558 1577 3619 distincto
1593 3560 1710 3619 charac-

400 3671 463 3725 tere
478 3664 673 3738 notabuntur,
688 3669 719 3727 et
734 3668 919 3728 celeberrimi
941 3669 1065 3746 quidem
1087 3668 1169 3745 typis
1193 3666 1396 3727 nitidioribus.
1428 3664 1486 3736 Qui
1502 3686 1571 3727 rere
1588 3667 1712 3727 minoris

401 3774 473 3831 sunt
488 3772 591 3844 famae,
608 3772 820 3833 minutioribus
835 3794 952 3851 quoque
975 3775 1057 3853 typis
1074 3772 1305 3851 designabimus.
1335 3771 1462 3840 Quodsi
1478 3772 1634 3849 theologus
1650 3790 1712 3831 non

400 3878 432 3936 in
456 3896 518 3938 una
541 3880 661 3937 tantum
691 3880 845 3939 emicuerit
876 3880 1042 3957 disciplina,
1075 3880 1168 3940 literis
1202 3878 1329 3939 cnrsIvis
1361 3877 1479 3954 elinque
1511 3878 1544 3936 in
1574 3879 1712 3937 columna

401 3985 591 4063 comparebit

490 4092 633 4170 Aggreesi
650 4092 788 4169 equidem
804 4111 918 4165 sumus,
935 4091 1276 4163 aueuiortetemerario,
1293 4109 1370 4167 opus
1386 4090 1523 4160 arduum,
1540 4089 1710 4148 nomencla-

401 4200 499 4258 turam
516 4200 577 4259 sciI
593 4198 730 4259 exhibere
745 4199 950 4277 theologorum
966 4200 1181 4259 catholicorum
1203 4200 1298 4259 totius
1320 4218 1404 4259 aerae
1427 4198 1613 4257 christianae
1643 4195 1712 4255 Non

402 4305 564 4367 diffitemur
572 4308 683 4367 leheris
692 4306 905 4378 difficultatem,
917 4307 964 4366 cui
974 4326 1029 4384 pro
1039 4307 1187 4385 dignitate
1196 4306 1371 4366 sustinendo
1380 4307 1513 4366 virorum
1522 4304 1711 4363 literatorum

401 4431 475 4488 opus
491 4415 569 4472 esset
584 4414 785 4487 societate,
803 4412 829 4472 si
844 4416 1020 4491 conspectus
1037 4413 1100 4473 scil.
1115 4414 1305 4489 exspectetur
1319 4415 1440 4472 exactus
1451 4412 1595 4472 adomnia
1609 4428 1710 4470 receu-

401 4520 486 4579 tioris
503 4520 576 4580 artie
592 4520 713 4581 critique
728 4521 886 4598 postulata,
908 4521 1101 4592 universalis,
1124 4521 1299 4598 completus,
1325 4521 1481 4579 accuratus
1496 4524 1587 4595 atque
1602 4516 1709 4577 fidelis.

402 4627 474 4687 Cum
489 4644 560 4686 vero
574 4627 721 4704 ejusmodi
737 4627 890 4687 homiuum
913 4626 1101 4687 eruditorum
1126 4625 1308 4703 conspiratio
1324 4643 1473 4702 nusquam
1490 4625 1577 4686 modo
1594 4640 1711 4700 eompu-

346 4722 351 4729 ’
401 4737 465 4791 rest
480 4751 577 4809 neque
592 4733 678 4793 facile
694 4734 858 4812 exspectari
882 4734 987 4811 possit,
1013 4738 1138 4793 etcum
1161 4735 1209 4793 vel
1233 4735 1386 4793 tentamen
1410 4734 1464 4792 hoc
1487 4733 1518 4791 in
1535 4734 1711 4809 argumento

401 4841 533 4902 utilitate
548 4861 609 4902 non
625 4846 737 4902 esreat:
761 4843 908 4920 specimen
935 4843 1041 4901 saltem
1057 4842 1202 4917 ejusmodi
1218 4844 1395 4919 conspectus
1410 4860 1465 4919 pro
1480 4840 1597 4900 viribus
1613 4839 1712 4901 tenui·

400 4948 458 5008 bus
474 4948 613 5026 colligere
628 4948 809 5008 tentavimus
826 4949 913 5009 initio
929 4953 1051 5026 sumpto
1067 4969 1086 5009 a
1107 4950 1232 5010 concilio
1254 4949 1419 5009 tridentino
1444 4949 1482 5009 ad
1497 4951 1600 5007 nostra
1616 4964 1713 5023 usqne

401 5058 543 5131 tempora„
558 5055 654 5115 Echti
664 5055 865 5131 inexspectato
875 5056 1089 5115 benevolorum
1098 5056 1243 5116 lectorum
1252 5056 1360 5127 favore,
1371 5073 1431 5131 quo
1440 5055 1500 5115 tria
1506 5054 1605 5130 priora
1613 5053 1712 5129 operis

402 5164 581 5238 exceperunt
593 5162 754 5234 volumina,
766 5162 963 5240 cogilavaue
973 5162 1009 5221 de
1019 5160 1221 5221 continuando
1230 5160 1454 5221 Nomenclstore
1463 5157 1602 5218 methodo
1611 5157 1713 5217 eudem
