4117 5842
403 551 467 604 (303
817 533 968 589 637-700,
980 528 1141 603 Theologiu
1154 531 1304 603 polemico.
1651 552 1713 606 504

401 720 485 778 iant:
502 717 548 777 nd
565 719 810 778 Thalassium
825 719 956 778 denariis
965 718 1045 778 Scri·
1120 727 1192 783 335.
1209 719 1385 796 Sequuntur
1399 721 1543 797 opuscula
1562 720 1714 781 theolo-

401 816 509 885 pturos
530 828 553 868 o.
576 808 788 886 quaestionibus
810 827 844 868 oc
865 809 961 868 dubiis
976 802 1046 889 (65)
1073 807 1160 884 gioa
1173 804 1197 890 ¹)
1220 812 1253 867 et
1274 811 1464 885 polemico
1483 805 1562 894 (28),
1586 830 1717 887 quorum

404 917 440 956 er
450 897 483 957 V.
494 901 525 956 et
535 898 571 958 N.
581 898 622 967 T„
639 897 865 978 praesentimus
883 896 1045 974 Evangelio
1073 898 1216 974 pleraque
1232 902 1305 958 sunt
1319 899 1461 960 adversus
1481 900 1716 977 monophysi-

402 1006 428 1046 e.
439 986 571 1057 Joaunis,
588 1004 663 1063 opus
679 986 830 1062 prolixum
841 984 1045 1068 (llignell0‚
1074 989 1199 1046 tarum
1238 990 1269 1047 et
1305 989 1572 1049 monotheletarum
1602 1009 1717 1050 errores

408 1071 595 1158 243-786)
612 1075 763 1153 allegoriis
786 1079 817 1134 et
832 1074 985 1153 anagogiis
1000 1074 1046 1134 in·
1075 1072 1216 1155 (lligne
1240 1077 1311 1151 XCI,
1346 1075 1500 1160 9—286)‚
1530 1080 1611 1138 inter
1641 1098 1718 1155 quae

405 1167 541 1244 dulgens,
565 1165 601 1224 de
623 1184 683 1240 quo
705 1164 747 1224 ita
763 1167 863 1224 censat
878 1163 1045 1223 Photius:
1074 1165 1247 1239 spiritualis
1269 1173 1363 1226 tomus
1384 1185 1418 1227 oc
1440 1167 1633 1245 dogmaticus,
1657 1187 1719 1244 quo

406 1255 480 1324 ,Est
488 1256 552 1330 ejus
563 1254 656 1314 oratio
666 1254 753 1332 longe
763 1254 907 1330 products
916 1252 1046 1330 periodis
1075 1255 1250 1326 ostenditur,
1259 1257 1401 1328 ecthesin,
1412 1276 1501 1332 quum
1511 1259 1648 1318 novando
1658 1258 1719 1318 He·

401 1363 438 1402 sc
454 1344 587 1422 gaudens
602 1343 782 1420 hyperbatis,
802 1343 1047 1417 invalescensquc
1074 1344 1186 1404 raclius
1196 1345 1269 1420 imp.
1279 1365 1312 1404 ex
1324 1346 1420 1423 Sergii
1429 1346 1482 1406 ΟΡ.
1489 1346 1637 1406 antistitis
1645 1366 1718 1425 sug·

402 1431 708 1492 circumductionibus
719 1431 1046 1508 necproprietatisrer·
1074 1433 1210 1512 gestione
1225 1433 1421 1494 subdiditiam
1430 1435 1534 1508 edidit,
1548 1437 1641 1495 sacris
1653 1457 1721 1496 ora·

405 1523 512 1581 horum
542 1521 700 1581 admodum
732 1525 827 1580 tenax.
861 1520 905 1580 hir
935 1519 1046 1597 quibus
1074 1524 1150 1582 culis
1173 1524 1264 1598 atque
1288 1524 1426 1600 patribus
1451 1525 1538 1603 longe
1562 1525 1717 1586 dissonam

405 1629 459 1687 per
468 1613 562 1671 totam
572 1609 683 1687 passim
693 1609 931 1669 lucubrationem
947 1612 977 1667 et
992 1608 1046 1667 ob·
1074 1631 1139 1671 esse
1163 1611 1356 1688 profanisque
1379 1613 1544 1683 haereticis,
1570 1619 1639 1674 tum
1663 1617 1717 1691 qui

403 1700 531 1760 scuritas
556 1699 687 1760 decurrit
712 1701 742 1758 et
766 1697 944 1776 assequendi
969 1697 1046 1756 diffi-
1074 1702 1286 1772 ooniusiouem‚
1311 1706 1377 1761 tum
1401 1703 1454 1778 qui
1479 1703 1660 1763 divisionem
1683 1704 1718 1764 in

403 1789 518 1848 cultas.
535 1834 542 1847 .
559 1835 565 1850 .
583 1787 663 1848 Idem
673 1788 885 1865 praetereasui
895 1787 1046 1847 studiosos
1074 1790 1184 1849 Christi
1199 1790 1254 1850 Dei
1278 1792 1376 1850 nostri
1390 1792 1533 1869 mysterio
1549 1797 1718 1853 monstrose

403 1878 621 1956 propemodum
637 1878 794 1937 obtundit:
818 1877 890 1936 adeo
910 1876 1047 1953 procula
1074 1882 1236 1956 nugantur,
1259 1881 1426 1941 consentire
1446 1876 1718 1962 (ib.155—-183).

406 1968 494 2028 litera
516 1971 547 2026 et
568 1969 638 2027 uota
660 1966 784 2026 historia
806 1966 868 2026 sire
890 1967 993 2042 potius
1008 1965 1046 2025 ab
1074 1968 1260 2044 Opuscnlum
1280 1969 1315 2027 de
1329 1971 1430 2028 animo
1445 1963 1499 2051 (ib.
1516 1967 1717 2054 353-362),

403 2075 440 2116 eo
466 2057 539 2133 ipso,
565 2057 645 2133 quod
667 2060 731 2115 erat
745 2056 924 2132 quaesitum,
949 2054 1046 2130 ipsius
1075 2091 1117 2101 -
1139 2057 1289 2132 Epistulas
1311 2053 1392 2139 (45),
1414 2059 1494 2120 inter
1515 2079 1590 2136 quas
1613 2061 1717 2137 plures

404 2145 570 2205 solutiones
593 2145 744 2205 recedunt
783 2144 911 2204 Tantum
923 2175 929 2190 ·
942 2144 968 2203 si
998 2142 1047 2201 oui
1074 2140 1261 2224 dogmaticae
1275 2150 1308 2207 et
1321 2148 1574 2222 polemicae,aliae
1581 2150 1717 2225 philoso-

405 2235 481 2295 iorte
496 2239 615 2312 gratum
630 2233 799 2312 anagogicis
819 2236 850 2293 et
865 2233 1046 2308 contempla·
1074 2235 1186 2311 phicue,
1199 2236 1350 2307 asceticae,
1362 2238 1453 2296 etiam
1462 2239 1631 2309 familiares,
1645 2239 1717 2299 stilo

404 2324 540 2384 tionibus
564 2320 595 2408 (i.
618 2343 643 2386 e.
666 2323 873 2399 spiritualibus
896 2321 991 2382 sensis
1014 2339 1048 2380 oc
1074 2325 1170 2384 nobili
1194 2326 1387 2401 conscriptae,
1414 2327 1532 2402 aliquae
1556 2327 1720 2388 admodum

406 2408 555 2496 mysticis)
573 2415 703 2472 mentem
719 2411 877 2487 implicare,
898 2429 1047 2487 nusquam
1074 2414 1213 2491 prolixae,
1232 2417 1267 2473 nt
1281 2414 1319 2473 ad
1333 2416 1516 2491 praelectum
1532 2417 1651 2476 Africae
1666 2417 1720 2477 do·

407 2503 433 2561 is
458 2521 527 2561 sano
552 2501 681 2577 reperiat
703 2501 750 2558 his
774 2505 828 2559 aut
849 2501 944 2578 magis
967 2499 1049 2558 varia
1075 2503 1191 2563 minum
1206 2503 1414 2581 Georgium
1437 2501 1491 2584 (ib.
1509 2503 1720 2588 sos—391);

405 2595 460 2650 aut
485 2591 662 2668 diligentius
687 2590 844 2672 elaborata.
874 2588 992 2648 Etenim
1017 2591 1049 2648 st
1075 2592 1113 2651 ad
1128 2592 1149 2652 J
1156 2611 1314 2652 oannem
1337 2593 1552 2654 cubicularium
1575 2596 1610 2653 ds
1632 2598 1721 2654 rectia

404 2680 534 2739 aliorum
545 2679 660 2756 colligit
668 2679 701 2738 in
707 2679 849 2755 quasdam
857 2677 1049 2754 quaestiones
1076 2681 1220 2741 menam
1233 2683 1354 2741 mdis
1372 2685 1403 2741 et
1418 2683 1560 2744 adversus
1575 2684 1721 2744 Severum

408 2769 495 2841 dicto,
513 2772 578 2828 tum
594 2768 704 2843 adjicit,
722 2787 797 2845 quoa
813 2768 910 2844 ipsius
920 2767 1048 2842 diligan-
1076 2770 1257 2830 haereticum
1272 2766 1493 2854 (soe—5lo);
1509 2773 1547 2831 ad
1562 2773 1717 2833 Petrum

405 2859 467 2917 tine
482 2858 577 2917 nihilo
593 2858 640 2917 his
655 2858 809 2933 minorem,
833 2857 860 2916 si
882 2875 941 2916 non
956 2856 1048 2932 majo·
1076 2861 1227 2919 illustram
1244 2878 1298 2919 seu
1313 2860 1332 2918 l.
1349 2861 1490 2922 adversus
1504 2861 1643 2940 dogmata
1659 2863 1720 2921 Se·

408 2967 479 3018 rom,
502 2947 674 3024 praeferunt
696 2949 883 3005 venustatem
906 2949 937 3005 at
958 2944 1049 3005 soler·
1077 2949 1160 3008 veri
1176 2945 1413 3029 (troesque.
1428 2950 1721 3030 -ddtheologiam

404 3037 488 3096 tiam.
512 3036 628 3112 Ubique
643 3037 744 3095 sutem
759 3035 817 3094 viri
832 3034 929 3110 pietas
939 3051 1048 3111 purus·
1076 3036 1171 3115 magis
1186 3037 1398 3114 practicam
1413 3040 1445 3098 st
1459 3040 1623 3099 ascesim
1633 3060 1720 3116 spec·

405 3145 466 3202 que
496 3143 529 3184 oo
560 3126 692 3184 sincerus
727 3125 758 3184 in
789 3124 939 3184 Christum
969 3141 1050 3182 amor
1076 3129 1144 3186 taut
1183 3127 1271 3186 Liber
1292 3130 1432 3188 orminos
1450 3124 1571 3210 (merito
1586 3129 1720 3190 celebra-

408 3215 536 3278 elucet.‘
553 3247 597 3259 -
613 3213 725 3273 Similis
741 3214 850 3274 indolis
867 3215 940 3273 sunt
956 3214 1048 3286 Quae-
1077 3211 1141 3299 tns)
1166 3235 1219 3292 per
1243 3216 1507 3295 interrogationem
1538 3221 1569 3276 et
1592 3237 1720 3295 respon-

405 3306 520 3379 stiores,
538 3303 787 3380 interrogationes
804 3307 834 3362 et
843 3302 1049 3379 responsiones
1076 3306 1197 3375 sionem,
1217 3305 1324 3382 inquo
1341 3304 1495 3365 carintem
1510 3307 1635 3366 mirifice
1650 3309 1720 3368 lan·

409 3392 653 3468 diversorumque
684 3391 886 3451 difficiliorum
917 3391 1048 3468 capitum
1076 3394 1128 3452 dat
1158 3393 1333 3470 liquideque
1362 3395 1475 3471 absquo
1505 3396 1721 3476 allegoriarum

405 3482 502 3540 electa
517 3476 598 3562 (79),
617 3480 656 3545 ib.
673 3499 701 3556 p.
720 3489 908 3551 785-856;
924 3499 1047 3557 respon·
1076 3485 1129 3542 aut
1159 3482 1223 3541 stili
1253 3483 1454 3559 productioris
1484 3485 1622 3545 anhoctu
1649 3481 1721 3567 (xc,

410 3570 453 3628 sio
469 3569 594 3644 adqq.3
611 3569 867 3646 Theopompti
884 3569 1049 3630 scholastici
1078 3572 1275 3648 911—956).
1305 3573 1397 3632 Lecln
1420 3579 1466 3633 est
1481 3575 1640 3635 admodum
1657 3576 1720 3634 uti·

405 3653 461 3738 (ib.
491 3655 736 3740 issa—1401);
767 3659 919 3735 Expositis
944 3661 975 3720 in
1000 3659 1049 3718 Po.
1077 3661 1124 3732 lis,
1151 3661 1204 3736 qui
1229 3662 1361 3720 omnium
1384 3663 1492 3722 virtuti
1514 3663 1720 3726 studiosorum

407 3746 494 3824 LIX,
512 3747 961 3824 inquaparumliteraestudet‚
979 3767 1048 3808 oon·
1077 3750 1214 3809 manibus
1230 3750 1347 3811 assidue
1362 3755 1442 3810 esset
1456 3752 1606 3816 terendus.
1636 3753 1721 3813 Idem

407 3839 539 3895 sectatus
549 3853 653 3897 sensus
666 3839 808 3913 mysticos
824 3854 857 3895 sc
872 3838 1049 3916 allegoricos
1076 3839 1194 3898 dicatur
1209 3839 1246 3898 do
1262 3841 1326 3917 ejus
1336 3834 1429 3924 (400)
1436 3842 1587 3922 capitibus
1596 3843 1632 3900 de
1640 3845 1721 3902 rori·

405 3923 627 4008 (855*871);
651 3930 794 3987 marsone
809 3927 968 3987 comissas
983 3928 1047 3986 ore·
1077 3936 1134 3987 tao
1150 3923 1385 4010 (ess—1080).
1402 3963 1444 3974 -
1467 3929 1570 4006 capita
1591 3930 1723 3992 duania

406 4017 450 4074 cis
466 4018 603 4092 expositio
618 4011 829 4096 (etl-910),
846 4035 905 4092 qua
921 4015 1047 4076 domini·
1077 4019 1118 4076 ad
1142 4018 1309 4095 theologiam
1334 4018 1444 4096 Datque
1467 4019 1541 4078 Filii
1570 4021 1602 4078 io
1632 4039 1722 4080 coras

405 4122 458 4163 cos
474 4104 506 4162 in
522 4123 556 4164 ea
572 4123 677 4164 sensus
694 4110 724 4164 et
735 4105 886 4182 mysteria,
905 4109 940 4165 ut
956 4108 1048 4175 vocat,
1077 4102 1721 4193 dispensatiosemspactantia(1083·l176).

409 4211 463 4251 seu
487 4198 668 4253 sacramenta
698 4194 822 4270 reliquis
853 4194 989 4269 pleniora
1018 4197 1050 4253 et
1077 4194 1722 4280 quorumpluraehlnrooasceta(oi.p.330)

407 4281 631 4354 universaliora,
655 4283 767 4360 quibus
798 4285 902 4342 nostra
926 4285 1050 4359 paratur
1077 4285 1197 4361 accepit.
1235 4283 1421 4345 Affinitatem
1451 4286 1605 4364 hocopus
1630 4288 1723 4347 habet

408 4370 499 4443 salus,
517 4374 638 4448 septena
648 4391 781 4442 numero,
798 4373 944 4447 exposuit.
960 4373 1049 4432 Prae·
1078 4392 1147 4433 cnm
1162 4392 1249 4449 opere
1264 4375 1300 4434 ad
1314 4371 1531 4456 Thalassium2)
1546 4394 1640 4452 supra
1654 4377 1720 4436 lau·

406 4463 490 4520 terea
505 4459 670 4538 fragments
685 4461 810 4521 aliorum
822 4461 1002 4536 scriptorum
1017 4462 1051 4520 in

409 4567 432 4607 s.
449 4549 630 4626 Scripturam
647 4551 791 4628 leguntur
810 4551 842 4609 in
862 4551 975 4610 catenis
992 4551 1050 4610 sub

405 4639 474 4714 ejus
491 4639 618 4699 nomine.

1118 4601 1137 4668 ¹)
1152 4596 1339 4668 Dialogine
1351 4598 1541 4724 thiadunged.
1549 4599 1722 4670 interopera

1079 4669 1460 4740 sAthanasiihiigne
1501 4669 1720 4733 xvssmus-

411 4781 570 4788 .-Ψ-.-
1081 4745 1158 4805 1286,
1181 4741 1269 4796 etism
1292 4741 1470 4796 Theodorsto
1492 4741 1643 4813 adscripti)
1662 4760 1722 4798 non

1080 4809 1170 4866 suuti
1192 4811 1259 4866 sius.

409 4880 541 4936 doctrina
554 4880 662 4935 Wern
672 4887 710 4934 er
722 4879 821 4937 Gesoh.
835 4882 885 4936 der
898 4884 973 4952 epol.
992 4883 1052 4937 und
1117 4885 1138 4956 ²)
1150 4831 1207 4938 liic
1219 4883 1444 4939 Thalassius
1456 4885 1605 4954 presbyter
1616 4886 1680 4938 erat
1691 4887 1723 4939 et

409 4953 467 5022 pol.
481 4952 537 5006 Lit.
551 4952 656 5024 passim
670 4955 691 5009 t.
706 4953 738 5018 ΙΙ,
759 4954 927 5022 praesertim
946 4972 975 5024 p.
989 4960 1053 5009 404·
1079 4954 1119 5026 (ss.
1132 4971 1156 5009 c.
1169 4958 1231 5028 650)
1244 4957 1331 5010 abbas
1345 4955 1494 5028 enjusdam
1513 4955 1545 5008 in
1558 4955 1650 5024 Lybia
1663 4973 1722 5012 mo·

407 5023 587 5080 4252Bach
600 5023 1052 5096 dicDogmengeschdesMittel-
1079 5026 1207 5092 nestorii,
1227 5026 1279 5095 qui
1299 5026 1416 5098 collegit
1435 5026 1579 5081 centinias
1597 5026 1638 5081 1v
1659 5045 1723 5081 sen-

406 5094 505 5162 alters,
520 5093 604 5148 Wien
621 5099 687 5153 1873
701 5115 727 5166 p.
743 5100 855 5153 15-49.
1079 5098 1237 5152 teutiarum
1249 5101 1281 5154 de
1292 5103 1411 5163 caritate,
1423 5102 1582 5154 manentes
1591 5107 1615 5154 et
1625 5103 1723 5154 mentia
