4117 5842
444 598 506 654 235
899 586 1050 638 401-403.
1063 579 1088 634 S.
1102 577 1292 651 Epiphanius.
1688 599 1747 654 235

441 772 542 828 tamen
557 771 643 828 aestu
659 767 785 828 subinde
800 767 1082 845 abreptuspruden·
1108 785 1171 840 nos,
1196 767 1486 844 pneumatomachos,
1511 768 1748 844 Apollinea-istas,

440 858 501 918 tiae
516 858 748 917 moderationem
757 857 890 935 neglexit
898 856 1081 932 ultimosque
1109 857 1301 935 origenistas,
1318 856 1513 929 Manichaeos,
1526 857 1661 934 judaeos,
1677 877 1748 936 gen-

440 947 521 1007 vitae
536 965 608 1006 suae
623 964 716 1005 annos
731 946 875 1005 turbavit
904 945 977 1005 Erat
1001 945 1081 1005 enim
1109 947 1177 1006 tiles
1193 949 1257 1017 etc,
1274 945 1409 1022 undique
1419 945 1507 1005 fidem
1516 946 1654 1006 muniens
1664 965 1749 1023 prae·

442 1053 509 1095 seer
523 1036 697 1113 opinionum
714 1035 952 1113 origenistarum
976 1034 1081 1094 adver·
1109 1035 1212 1095 sertim
1229 1034 1265 1093 de
1282 1053 1320 1099 ss.
1336 1035 1483 1094 Trinitate
1499 1035 1581 1095 etde
1597 1035 1748 1112 Spiritus.

441 1121 579 1208 sarius1).
611 1126 685 1184 Oum
707 1143 778 1201 ergo
798 1144 824 1184 a.
846 1133 909 1188 394
940 1123 1080 1184 Hieroso·
1109 1124 1236 1200 subjicit
1251 1123 1334 1200 operi
1343 1123 1490 1202 duplicem
1506 1123 1575 1184 fidei
1591 1125 1750 1201 professio·

440 1214 529 1290 lymis
539 1232 636 1273 eoram
645 1231 753 1290 magna
763 1213 934 1272 auditorum
943 1212 1081 1288 frequen·
1108 1232 1191 1273 nem:
1209 1213 1383 1282 breviorem,
1394 1232 1470 1290 quae
1478 1213 1750 1289 purumimmutata

440 1302 894 1380 tiaOrigenemejnsqueerroras
903 1303 1081 1373 damnasset,
1108 1305 1226 1380 recepte
1247 1302 1308 1361 luit
1329 1323 1347 1361 a
1369 1303 1481 1380 synodo
1498 1303 1550 1361 GP.
1566 1323 1591 1366 a.
1610 1311 1668 1366 381
1690 1309 1750 1362 est-

440 1391 572 1451 Joannes
586 1409 656 1450 vero
667 1391 929 1471 urbisepiscopus,
943 1391 996 1466 qni
1011 1408 1082 1450 oon·
1108 1411 1168 1468 que
1184 1391 1361 1468 symbolum,
1384 1391 1464 1466 quod
1487 1391 1586 1450 vocari
1608 1390 1685 1450 solet
1704 1393 1750 1450 ni·

441 1480 519 1540 cioni
533 1481 646 1550 aderat,
669 1480 807 1557 Origenis
822 1481 923 1540 fautor
944 1481 977 1538 in
999 1479 1082 1539 dam·
1109 1480 1578 1556 caeno-constantinopolitanum,
1607 1483 1639 1538 et
1662 1480 1751 1539 aliam

441 1569 591 1629 nationem
600 1569 695 1629 nollet
704 1569 881 1640 consentire,
897 1569 1082 1628 communio·
1109 1569 1198 1646 paulo
1221 1568 1420 1646 prolixiorem.
1444 1603 1490 1615 -·
1512 1569 1679 1646 Aggressus
1704 1577 1751 1628 est

440 1678 510 1717 nem
533 1677 601 1718 oum
626 1676 659 1717 eo
684 1659 815 1734 abrupit.
852 1658 945 1718 Auxit
966 1657 1082 1718 diesen·
1111 1652 1314 1740 (avc—377)
1337 1659 1397 1731 iam
1419 1659 1515 1735 majas
1538 1675 1628 1734 opus:
1652 1659 1750 1717 Peae-

441 1747 563 1818 sionem,
581 1747 880 1824 quodeontraipaius
894 1747 1082 1806 voluntatem
1109 1749 1188 1806 rium
1218 1746 1361 1806 adversus
1392 1746 1493 1806 LXXX
1526 1747 1661 1806 haereses
1693 1745 1748 1826 (do

440 1837 549 1913 inipso
559 1854 613 1895 sua
622 1836 748 1896 dioecesi
757 1837 967 1896 Paulinianum
976 1835 1082 1894 Hiero·
1110 1837 1226 1896 Christo
1257 1835 1450 1911 antiquiores,
1485 1845 1523 1899 60
1550 1840 1618 1912 post
1642 1836 1752 1895 Christi

440 1926 523 2002 nymi
538 1926 660 1985 fratrem
682 1927 714 1983 in
735 1925 947 2002 presbyterum
963 1925 1082 1984 ordina·
1109 1925 1298 1984 nativitatem
1314 1921 1452 2006 exortas),
1476 1924 1587 2000 quibus
1605 1925 1750 2000 expositis

440 2014 525 2074 verit.
549 2016 666 2092 Agents
679 2017 780 2074 tamen
788 2013 949 2089 Theophila
963 2007 1082 2073 alexan·
1110 2014 1233 2090 subjicit
1256 2013 1467 2074 refutationem
1491 2017 1642 2090 tamquam
1672 2015 1751 2073 anti-

440 2103 525 2163 drino
548 2122 605 2181 pax
624 2091 691 2162 tum
706 2101 822 2163 Ioanne
838 2101 897 2162 fuit
912 2103 1082 2178 composita.
1110 2101 1214 2162 dotum
1230 2107 1334 2162 contra
1349 2101 1518 2162 mortiferos
1537 2107 1568 2162 et
1589 2109 1751 2162 venenatos

439 2192 551 2251 Verum
571 2211 663 2251 novae
679 2195 761 2252 ortae
777 2194 850 2250 sunt
864 2193 977 2251 turbae.
1008 2192 1082 2250 Cum
1110 2192 1295 2268 serpentium
1311 2191 1436 2262 morbos,
1461 2192 1529 2250 inde
1551 2192 1617 2268 ejus
1632 2211 1751 2256 nomen.

440 2281 520 2340 enim
542 2281 722 2357 Theophilus
744 2282 902 2341 monachos
924 2280 1082 2340 nitrienses
1109 2281 1164 2340 Est
1179 2279 1234 2341 hoc
1252 2297 1327 2358 opus
1343 2280 1501 2340 admodum
1517 2281 1680 2356 pretiosam
1696 2301 1751 2356 pro

440 2370 530 2429 nimis
540 2370 678 2447 Origenis
688 2370 881 2446 opinionibus
893 2370 1081 2429 inhaerentes
1110 2370 1248 2441 historia,
1281 2370 1447 2446 dogmatica
1476 2373 1507 2428 et
1537 2370 1751 2446 archaeologin,

440 2460 576 2536 Aegypto
585 2459 758 2534 expulisset,
769 2459 900 2519 Joannes
910 2477 980 2518 vero
988 2457 1081 2534 Chry·
1108 2459 1197 2518 verua
1207 2459 1396 2534 antiquitatis
1405 2460 1581 2518 thesaurus:
1596 2458 1751 2517 fatendum

441 2553 591 2608 sostomus
607 2547 736 2625 henigne
757 2567 808 2606 eos
831 2548 1002 2624 excepisset,
1025 2548 1080 2606 ite·
1108 2551 1208 2607 tamen
1223 2553 1270 2607 est
1285 2548 1322 2606 ob
1338 2548 1460 2606 nimiam
1476 2547 1606 2606 auctoris
1621 2547 1752 2606 creduli·

439 2657 506 2695 rum
529 2638 595 2712 ejus
620 2637 730 2696 exarsit
751 2636 831 2696 zelus
854 2637 902 2696 vel
926 2637 958 2696 in
980 2637 1080 2714 ipsunt
1108 2637 1201 2696 tatem
1217 2655 1325 2696 naevos
1345 2635 1486 2713 quosdam
1504 2636 1660 2696 historiens
1674 2637 1750 2695 irre-

440 2725 681 2803 Ghrysostomum
697 2731 728 2786 et
742 2727 907 2804 instigante
920 2725 1081 2802 Theophila
1109 2728 1213 2803 psisse.
1246 2725 1365 2796 ,Dictio
1383 2744 1509 2802 quoque,
1535 2723 1637 2802 inquit
1651 2725 1751 2784 Phu-

439 2813 723 2892 constantinopolim
741 2833 772 2875 se
794 2815 932 2886 contulit,
956 2818 991 2874 nt
1014 2816 1080 2874 Ori·
1108 2813 1190 2874 tius
1206 2809 1667 2898 corl.122(lligneclll,403)
1683 2817 1751 2886 ejus

439 2905 523 2982 genis
533 2923 646 2964 errores
657 2904 796 2964 omnibus
806 2903 1001 2980 patefaceret:
1013 2923 1079 2963 eum
1108 2908 1154 2962 est
1169 2901 1292 2963 humilis
1308 2923 1340 2963 ac
1356 2903 1532 2982 planetalis,
1549 2903 1668 2979 qualem
1685 2904 1751 2979 ejus

438 2992 645 3070 dhrysostomo
670 2997 772 3052 autem
796 2993 935 3071 congredi
958 2994 1080 3068 penitus
1108 3011 1172 3058 esse
1198 2994 1340 3070 oportuit,
1374 2993 1426 3070 qui
1451 2993 1559 3052 atticae
1583 2993 1750 3070 elegantiae

438 3080 633 3153 detractavit3
673 3086 763 3159 atque
793 3081 911 3159 publice
943 3082 1080 3158 Origenis
1109 3082 1256 3141 rationem
1286 3083 1401 3141 nullam
1432 3081 1562 3142 duceret.
1609 3079 1750 3140 Infirmus

438 3169 529 3230 libros
538 3171 992 3248 illosquemonachostamquam
1001 3170 1079 3229 idem
1107 3189 1176 3230 vero
1199 3172 1421 3248 utplurimum
1443 3173 1488 3230 est
1510 3171 1541 3229 in
1564 3171 1751 3230 conflictibus

439 3278 507 3318 cum
538 3260 665 3338 Origene
700 3260 862 3319 sentientes
893 3261 1079 3319 anathemate
1107 3261 1248 3319 adversus
1258 3261 1364 3338 impias
1374 3261 1510 3319 haereses
1520 3260 1676 3334 susceptis.
1695 3259 1751 3319 nst

437 3347 598 3408 damnavit.
623 3350 690 3407 Mox
705 3368 775 3407 vero
791 3368 851 3408 non
867 3352 1020 3426 expectato
1036 3349 1079 3409 fa·
1106 3351 1207 3408 tamen
1235 3349 1288 3408 ubi
1319 3349 1436 3408 fortiter
1460 3349 1635 3426 aggreditur
1658 3353 1751 3424 atque

437 3455 519 3497 moso
532 3437 727 3497 conciliabulo
743 3437 780 3496 ad
796 3457 940 3514 quereum
949 3439 1078 3514 Cyprum
1107 3437 1217 3497 irruit‘
1243 3442 1298 3502 etc,
1330 3439 1496 3514 Suhjicitur
1520 3457 1566 3514 op.
1592 3437 1692 3496 brevis
1716 3457 1750 3496 ac

437 3527 621 3604 renavigavit
637 3545 712 3595 ,seu
726 3527 806 3604 quod
816 3528 1079 3605 constantinopoli·
1106 3545 1176 3586 vera
1185 3530 1325 3603 expositio
1333 3527 1402 3600 fidei
1411 3527 1569 3586 catholicae
1584 3532 1615 3585 et
1630 3531 1750 3601 aposto-

436 3617 522 3674 tanae
546 3615 736 3692 profectionis
771 3618 870 3693 ipsum
901 3616 1078 3692 poeniteret,
1106 3614 1179 3676 lioae
1203 3615 1358 3676 Ecclesiae.
1391 3617 1497 3675 Exstat
1527 3615 1617 3693 hujus
1649 3616 1749 3692 operis

437 3723 491 3763 seu
513 3705 593 3780 quod
611 3705 691 3764 Deus
714 3706 832 3765 oraculo
855 3705 955 3781 ipsum
978 3705 1078 3764 admo-
1106 3705 1370 3781 Anacephalaeoeis
1388 3724 1441 3765 seu
1459 3704 1666 3781 recapitulatio
1683 3723 1748 3764 ver·-

436 3793 554 3853 nnisset
567 3797 751 3870 mortemque
766 3792 824 3870 ipsi
841 3813 934 3865 suam,
950 3799 985 3853 ut
1000 3795 1078 3852 veri-
1106 3794 1152 3852 his
1162 3794 1257 3870 ipsius
1267 3793 1397 3854 auctoris
1407 3797 1548 3870 concepta
1563 3796 1595 3852 et
1609 3812 1644 3852 ex
1661 3811 1748 3870 opere

436 3882 534 3941 simile
548 3887 603 3955 est,
620 3884 872 3959 praenunciasset.
902 3883 982 3942 Dum
998 3883 1077 3942 enim
1105 3885 1236 3942 extracta
1258 3885 1307 3942 vel
1325 3884 1362 3942 ab
1386 3886 1452 3960 ipso
1483 3881 1649 3958 Epiphanio
1666 3883 1748 3942 vela

435 3972 597 4050 navigaret,
613 3973 789 4050 priusquam
798 3973 964 4049 appulisset
979 3972 1011 4031 in
1021 3972 1077 4049 Cy-
1103 3971 1221 4046 juniore
1231 3975 1360 4032 auctore.
1379 3971 1494 4032 Prodat
1505 3973 1669 4032 Panurium
1679 3987 1748 4031 cum

434 4080 530 4138 prum,
554 4061 614 4120 fato
631 4061 696 4139 (12.
712 4061 779 4138 llaj.
797 4057 876 4146 403)
892 4062 1077 4137 interceptus
1106 4061 1347 4138 anacephalaeosi
1363 4080 1424 4120 eur.
1441 4061 1598 4130 Oehler,
1616 4060 1747 4120 Berolini

431 4151 480 4234 ¹est
501 4147 747 4233 (Sozomenus
770 4151 805 4214 H.
823 4151 855 4209 E.
877 4148 957 4222 VIII,
985 4149 1077 4228 15.).‘
1108 4157 1248 4214 1859-61
1263 4151 1294 4209 iu
1306 4151 1441 4230 Corporis
1452 4149 1609 4212 haereseol,
1620 4153 1746 4212 ansts.

1153 4301 1223 4354 129.
1239 4293 1572 4369 Adesuripturam
1590 4292 1745 4352 illustran-

1104 4379 1172 4438 dam
1187 4381 1292 4440 reierri
1308 4385 1436 4458 possunt
1457 4382 1477 4444 l.
1500 4383 1535 4440 da
1557 4385 1706 4442 mensuris
1723 4389 1747 4440 et

433 4505 530 4565 dietus
540 4507 611 4582 quia
620 4506 752 4566 animum
769 4507 804 4565 de
820 4507 918 4566 salute
928 4507 1075 4566 fluctuan-
1100 4469 1288 4545 pmmm’
1310 4471 1343 4529 in
1358 4489 1418 4547 quo
1433 4471 1504 4548 phu
1519 4471 1642 4530 mim
1657 4490 1745 4547 qum

431 4596 492 4655 talu
507 4595 603 4654 instar
613 4614 735 4656 ancorae
745 4596 917 4655 moderatur
932 4598 963 4656 et
978 4595 1076 4654 firmat
1103 4559 1261 4635 ¹⁸⁸⁰¹ipti⁰
1275 4578 1344 4636 ΡΜ
1360 4578 1392 4618 ⁸⁸
1407 4560 1474 4631 Μ’
1490 4559 1555 4638 ⁸3⁷st
1564 4559 1645 4620 mim
1655 4562 1745 4620 mm

432 4679 470 4766 (a
487 4680 574 4766 374).
604 4684 640 4743 In
663 4704 697 4744 eo
718 4685 867 4762 praeclare
891 4684 954 4763 agit
973 4687 1075 4744 eontra
1103 4647 1139 4705 ἀΰ
1164 4650 1265 4708 mus
1297 4649 1427 4708 h⁰b¹⁸¹i⁰i
1453 4645 1674 4730 γθῑἮίωιίὶηιΘι)
1698 4669 1743 4708 ‘⁴⁵²'

431 4773 527 4832 01111111
541 4774 658 4851 genera
674 4774 847 4845 haereticos,
869 4776 973 4833 contra
989 4773 1073 4832 dria·
1101 4738 1625 4904 ffi‘ggggffifffissgffie
1635 4737 1744 4886 TE&

482 4337 552 4393 128.
568 4329 660 4387 Plura
674 4329 799 4405 reliquit
821 4348 919 4404 opera,
943 4347 1076 4406 praeser-

433 4417 489 4476 tim
511 4420 614 4477 oontra
635 4417 808 4477 haereticos.
840 4422 1009 4479 Ancorataa
1034 4417 1077 4476 sie

469 4999 488 5069 ¹)
502 4995 544 5051 CI
554 4996 585 5050 B.
598 4995 792 5052 Eberhard
804 4996 857 5052 Die
867 4995 1074 5068 Betheiligang
1139 4997 1247 5122 1ἰΗίιιο
1259 4995 1407 5054 derivatus
1421 5001 1464 5054 est
1477 4997 1595 5052 libellus
1608 4995 1647 5069 (ht
1656 4995 1667 5052 i
1675 5015 1695 5068 g
1703 5011 1743 5050 ue

429 5067 481 5122 dea
500 5068 553 5137 Ep.
575 5083 613 5121 an
635 5067 700 5122 dem
712 5068 817 5123 Streite
836 5070 907 5123 hbet
926 5068 1072 5140 Origenes,
1101 5069 1147 5122 XL
1164 5069 1197 5134 II,
1211 5072 1363 5142 373-380)
1377 5074 1409 5124 de
1420 5072 1506 5126 LXX
1514 5071 1703 5140 caca-prauus
1716 5071 1744 5121 et

430 5135 510 5192 'lhier
525 5144 603 5194 1859.
1100 5139 1135 5196 de
1150 5139 1185 5195 iis
1203 5139 1349 5212 quiprave
1357 5139 1540 5212 interpretati
1550 5143 1626 5194 sunt.
1641 5139 1742 5194 Utrum
