4117 5842
892 1889 1023 1988 xvl.

505 2070 785 2208 Scriptores
811 2068 1138 2181 ecelesiastici
1164 2067 1321 2180 seculi
1345 2067 1405 2178 ll.

652 2267 763 2364 Pars
784 2265 932 2364 alters
953 2270 1246 2384 (tol—950).

343 2671 417 2727 480.
433 2661 941 2738 Quocopiosiorscriptorumetiem
971 2661 1104 2738 scipulus
1121 2662 1218 2721 leonis
1239 2663 1270 2720 et
1287 2663 1417 2722 Marcelli
1435 2659 1610 2744 (Moengall)

296 2752 466 2812 illustrium
485 2752 518 2810 in
539 2751 662 2827 periodo
677 2751 870 2826 praecedeuti
885 2770 942 2810 nu·
970 2751 1147 2827 scotigenae,
1157 2750 1318 2810 monachus
1326 2750 1530 2828 sangallensis.
1538 2751 1611 2810 Bib-

296 2861 408 2913 merus,
431 2859 465 2900 eo
488 2840 624 2900 sterilius
638 2858 778 2918 praesens
793 2843 943 2917 comparet
970 2839 1135 2900 liotbeesrii
1151 2839 1355 2916 etHospitarii
1367 2857 1490 2899 munere
1505 2841 1610 2917 funge-

298 2949 357 2990 sec.
373 2930 407 2989 X.
424 2929 590 2989 dimidium.
621 2929 732 2989 Nullus
747 2930 829 2988 inter
845 2947 941 2988 roma-
969 2929 1060 2988 batur
1089 2929 1122 2988 in
1153 2928 1349 2988 monasterio:
1383 2928 1491 2988 sobolis
1521 2931 1611 2988 etism

297 3038 354 3079 noe
363 3019 478 3080 eminet
485 3019 657 3094 pontifices:
675 3018 736 3078 fere
745 3036 849 3078 omnes
859 3018 941 3078 brevi
954 3056 956 3105 l
969 3017 1182 3078 eleustralibus
1199 3035 1253 3077 seu
1268 3017 1460 3076 interioribus
1472 3017 1611 3094 praefuit.

297 3113 420 3169 tentum
450 3111 583 3185 tempore
619 3107 720 3168 sedem
758 3109 942 3185 occuparunt
969 3107 1023 3166 Vir
1045 3110 1110 3167 eret
1131 3125 1191 3166 non
1216 3107 1310 3166 solum
1331 3105 1491 3184 insiguiter
1506 3105 1611 3166 domus

297 3197 491 3275 apostolicam
505 3196 830 3274 (quatuordecimenim
839 3215 942 3256 eornm
970 3197 1023 3255 sed
1045 3199 1077 3255 et
1098 3195 1232 3255 omnium
1251 3195 1402 3256 virtutum
1417 3198 1525 3254 ornatu
1540 3195 1611 3254 illu·

297 3289 498 3347 numerentur
512 3286 567 3346 boe
582 3287 674 3346 seculi
690 3281 836 3367 dimidio).
867 3287 942 3346 Con·
970 3285 1052 3344 stris.
1092 3285 1138 3344 lte
1160 3303 1229 3344 eum
1251 3283 1388 3361 depingit
1409 3283 1612 3343 Ekkeberd

297 3376 463 3435 boiemiae
485 3379 573 3434 antea
587 3376 695 3435 acriter
709 3392 797 3452 saepe
813 3374 943 3452 agitatae
967 3374 1072 3450 junior
1095 3374 1127 3432 in
1152 3373 1269 3433 casibus
1292 3372 1462 3433 monasterii
1489 3391 1511 3432 s.
1535 3373 1612 3432 Galli

297 3465 520 3535 conticuerunt,
543 3464 580 3524 ds
600 3465 686 3524 cultu
701 3464 764 3522 scil.
780 3481 821 3522 ss.
835 3463 942 3540 imagi·
970 3481 993 3526 c.
1017 3473 1052 3527 3:
1079 3463 1250 3534 ,Netkerus
1273 3479 1402 3538 corpore,
1428 3481 1489 3521 non
1513 3462 1612 3521 enimc

298 3573 382 3624 num,
406 3554 444 3612 de
466 3552 744 3629 praedestinatione,
769 3552 805 3612 de
824 3571 943 3629 proces·
970 3552 1100 3630 gracilis,
1115 3571 1194 3625 voce,
1213 3569 1274 3612 nou
1290 3551 1397 3628 spiritu
1412 3550 1563 3622 balbulus,
1579 3551 1613 3610 in

299 3644 385 3704 sione
402 3641 533 3719 Spiritus
549 3660 582 3713 s,
607 3642 644 3702 de
659 3638 870 3725 eucharistia1)
887 3645 942 3701 etc.
970 3641 1081 3702 divinis
1097 3645 1224 3710 erectus,
1241 3641 1273 3699 in
1289 3641 1420 3700 adversis
1435 3641 1558 3716 patiens,
1576 3640 1613 3699 ed

299 3732 427 3792 Nullum
436 3731 612 3806 reperimus,
629 3731 682 3808 qui
697 3731 943 3808 intertbeolcgoa
970 3730 1070 3790 omnia
1092 3729 1176 3790 mitis
1201 3731 1233 3788 in
1256 3729 1436 3789 nostratium
1461 3733 1613 3789 ssereret

299 3822 349 3881 vel
365 3819 526 3898 polemiccs
541 3819 646 3880 referri
658 3819 762 3897 possit,
778 3820 858 3895 quod
874 3820 942 3879 hoc·
970 3821 1089 3880 erector
1104 3817 1280 3895 disciplinis,
1297 3864 1303 3877 .
1320 3862 1327 3877 .
1345 3865 1351 3878 .
1374 3819 1406 3878 in
1426 3819 1546 3891 orendo,
1569 3819 1612 3878 ls-

298 3915 390 3970 tenus
406 3928 560 3985 nunqnam
578 3909 665 3968 nobis
687 3909 845 3986 contingit.
878 3910 942 3968 Pri·
970 3908 1078 3986 gendo,
1110 3908 1249 3968 dictando
1279 3908 1486 3978 creberrimus,
1517 3912 1548 3967 et
1578 3910 1614 3966 ut

299 4017 377 4071 mus,
395 3998 450 4072 qui
466 3998 614 4058 nominari
628 4002 733 4069 meret,
749 4000 795 4057 cst
809 3998 838 4062 b.
854 3998 942 4057 Not·
970 4015 1073 4057 omnes
1096 3997 1163 4073 ejus
1182 3997 1349 4057 sanctitatis
1371 3997 1403 4055 iu
1426 3996 1511 4056 brevi
1533 4013 1613 4056 com·

300 4089 434 4158 karus,
459 4087 539 4147 inter
559 4088 720 4165 magistros
740 4087 943 4165 sangallenses
971 4087 1085 4164 plecter
1107 4086 1201 4156 dotes,
1225 4086 1320 4145 sancti
1336 4085 1467 4161 Spiritus
1482 4088 1547 4144 erat
1562 4104 1613 4143 re·

300 4176 379 4236 forte
393 4177 578 4253 praecipuus,
595 4177 749 4254 elingues
764 4175 839 4236 vitio
855 4177 943 4236 Bal·
972 4177 1100 4249 sculum,
1116 4194 1176 4251 quo
1193 4193 1247 4234 suo
1263 4177 1395 4251 tempore
1410 4173 1614 4234 abuudantius

300 4265 420 4324 tulus
445 4266 679 4343 cognominatus,
710 4265 862 4325 nobilibus
891 4285 944 4342 pa·
971 4265 1091 4324 nullum
1099 4259 1155 4346 ¹).‘
1188 4264 1321 4322 Decessit
1344 4273 1372 4328 6.
1394 4264 1465 4339 Apr.
1482 4271 1545 4326 912
1569 4265 1614 4322 et-

301 4354 439 4413 rentibus
458 4358 542 4414 ortus
565 4352 657 4436 (intre
676 4353 873 4437 83u-840)‚
897 4355 944 4414 di·
971 4387 1132 4398 —-—-

303 4478 462 4486 --
1013 4455 1032 4525 ¹)
1046 4449 1194 4521 Distingui
1217 4449 1302 4504 debet
1323 4450 1360 4503 ab
1379 4448 1444 4504 aliis
1457 4450 1545 4517 hujus
1567 4465 1615 4502 no·

342 4529 361 4596 ¹)
375 4524 417 4580 De
438 4526 493 4579 hec
514 4525 647 4580 libellum
668 4524 830 4595 composuit
850 4514 959 4580 Gezo'
975 4523 1071 4588 minis,
1085 4522 1120 4576 de
1134 4521 1240 4592 quibus
1252 4520 1329 4574 iufra
1342 4519 1449 4575 redibit
1460 4535 1560 4575 sermo.
1574 4519 1615 4574 De

303 4595 414 4666 primus
426 4597 515 4651 abbas
528 4613 549 4650 s.
563 4596 640 4651 Petri
660 4598 691 4650 et
709 4613 730 4654 s.
744 4595 863 4650 Martini
879 4595 959 4659 Tor,
976 4597 1074 4649 nostro
1092 4594 1128 4648 ct'.
1148 4593 1209 4647 rite
1225 4593 1262 4647 ab
1274 4590 1482 4646 Ekkehardo
1496 4589 1615 4646 Minimo

303 4672 389 4721 tonse
402 4668 434 4721 in
446 4667 566 4740 Liguria
584 4668 620 4738 (ll,
635 4666 710 4722 circa
723 4668 810 4736 hujus
823 4684 877 4722 sec.
889 4683 945 4722 me·
958 4672 959 4687 ¹
976 4666 1139 4736 conscripta
1159 4663 1313 4736 (erroribus
1333 4663 1437 4717 referte
1454 4663 1539 4733 juxta
1552 4661 1617 4716 lla·

303 4737 405 4820 dium),
423 4739 472 4792 sed
491 4739 549 4793 iere
562 4738 747 4794 Paschasium
759 4738 945 4804 liudbertum,
973 4736 1071 4792 billo
1080 4739 1109 4808 u)
1129 4735 1160 4790 in
1181 4735 1252 4791 Gan
1262 4733 1329 4789 isii
1342 4735 1407 4790 lect
1420 4741 1445 4798 2,
1460 4736 1615 4793 ess-5¹16:

303 4810 467 4880 exscripsit:
480 4810 550 4867 binc
563 4809 616 4864 Me
626 4810 751 4866 billon
764 4811 796 4865 in
803 4809 875 4865 blus.
884 4809 917 4863 it
925 4810 947 4874 1,
972 4807 1004 4862 iu
1017 4808 1097 4863 Actis
1109 4807 1155 4862 SS.
1168 4813 1193 4863 6.
1204 4808 1273 4878 Apr.
1285 4814 1309 4870 l,
1320 4811 1476 4868 226—247;
1490 4804 1616 4860 itabil-

304 4887 411 4939 89-95
423 4881 631 4951 praelationem
649 4885 763 4937 tentum
775 4885 805 4936 et
817 4882 946 4951 capitum
973 4879 1075 4934 lonii
1097 4878 1224 4950 elogium
1246 4877 1416 4932 historicum
1438 4876 1469 4931 in
1492 4878 1554 4934 Act.
1568 4876 1615 4931 SS.

304 4952 429 5007 indicem
442 4953 544 5018 edidit,
562 4953 622 5008 elie
640 4952 828 5008 Muretori
841 4953 947 5006 Anecd.
974 4951 1037 5015 Vll,
1053 4956 1155 5008 11—22
1178 4949 1267 5022 (epud
1280 4949 1404 5020 Miguc
1418 4947 1539 5013 CXXXI,
1552 4953 1616 5005 983·

305 5025 352 5088 lll,
365 5027 419 5081 237
432 5041 467 5079 es.
487 5025 600 5080 omissis
618 5023 663 5089 iis,
686 5040 760 5094 quae
779 5040 813 5078 ex
831 5023 862 5078 P.
874 5023 947 5078 Rad-
975 5025 1037 5093 994)
1048 5042 1055 5082 ς
1068 5020 1145 5091 liley
1157 5037 1194 5076 er
1206 5039 1232 5076 v.
1246 5021 1369 5075 Knonau
1381 5019 1553 5075 Lebeusbild
1566 5018 1615 5072 des

305 5097 385 5150 berto
405 5099 487 5150 etex
507 5096 573 5152 eliis
630 5095 724 5150 tribus
743 5095 857 5154 hausit:
879 5095 947 5150 inde
974 5093 1014 5148 hl.
1029 5093 1140 5148 Notkcr
1152 5111 1209 5148 rou
1223 5093 1262 5148 St.
1271 5091 1412 5148 Galleuin
1421 5090 1555 5148 Mittheil.
1566 5089 1616 5143 der

305 5165 432 5238 Migue
445 5167 587 5223 CXXXVI
602 5210 608 5231 ,
621 5172 771 5225 340-407.
959 5204 962 5219 ι
974 5166 1119 5233 antiquar.
1133 5164 1285 5221 Gesellsch.
1298 5165 1329 5218 in
1343 5163 1453 5218 lericb.
1464 5165 1540 5228 1877,
1550 5161 1615 5216 xlx
