4117 5842
1012 1790 1157 1891 VIII.

649 1974 928 2113 Scriptores
961 1971 1287 2084 ecelesiastici
1311 1971 1470 2083 seculi
1495 1970 1573 2081 VI.

799 2170 910 2269 Pars
942 2170 1072 2290 prior
1093 2170 1388 2288 (eor—550).

1054 2424 1161 2433 —-—-

491 2580 564 2635 253.
595 2571 694 2629 Aurea
722 2568 889 2647 theologiae
919 2567 1080 2627 catholicae
1107 2566 1282 2626 nationibus
1292 2566 1420 2627 liberum
1435 2568 1467 2627 et
1481 2567 1643 2627 immunem
1654 2566 1752 2627 decla-

435 2665 517 2720 actae
541 2658 704 2736 praeteriit.
738 2658 834 2717 Priori
864 2658 955 2733 hujus
985 2656 1078 2717 seculi
1107 2656 1186 2716 revit
1212 2650 1277 2738 (23.
1304 2656 1365 2719 oct.
1392 2651 1480 2738 501).
1522 2655 1622 2715 Novae
1650 2659 1752 2716 tamen

434 2752 519 2826 parte
543 2748 647 2813 nullus
672 2749 823 2824 comparet
853 2746 993 2822 scriptor,
1024 2745 1078 2823 qui
1107 2745 1251 2805 excitatae
1277 2740 1350 2805 aaut
1374 2744 1490 2816 turbae,
1516 2747 1548 2804 et
1571 2745 1752 2805 Auaamaius

434 2838 551 2917 magula
567 2837 716 2897 Ecclesiae
734 2834 872 2914 patribus
896 2838 927 2895 at
949 2834 1077 2896 doctori·
1106 2834 1178 2911 imp.
1194 2833 1337 2895 adversus
1352 2834 1521 2911 pontificem
1542 2833 1683 2894 libellum
1706 2834 1751 2893 di·

434 2927 493 2988 bus
515 2926 607 2987 aeculi
630 2926 785 3004 praeteriti
799 2925 892 3002 possit
908 2924 1077 3001 comparari.
1107 2924 1246 3001 vulgavit
1260 2923 1450 2985 contumeliis
1466 2927 1497 2983 et
1512 2922 1642 3000 querelis
1658 2924 1751 2984 refer-

435 3017 593 3094 Specietim
610 3035 680 3076 vero
693 3014 869 3075 inllcclesia
883 3012 1078 3074 orientali
1106 3014 1181 3085 tum,
1206 3013 1255 3071 cui
1278 3012 1325 3072 hic
1347 3014 1478 3073 tractatu
1500 3010 1685 3090 apologetico
1703 3031 1751 3073 ra·

434 3106 495 3165 rari
506 3107 570 3182 jam
579 3107 653 3165 aunt
661 3104 829 3181 scriptores,
845 3104 899 3179 qui
908 3103 1076 3163 eruditione
1107 3102 1253 3179 spondere
1267 3100 1423 3161 festinavit
1440 3096 1499 3184 (ep.
1519 3095 1584 3183 10).
1616 3102 1753 3163 Decessit

434 3196 483 3255 vel
497 3195 627 3255 nominis
637 3195 714 3253 fama
724 3192 927 3253 inclaruerint.
950 3192 1077 3251 Initium
1105 3191 1226 3266 praesul
1241 3194 1383 3252 strenuus
1398 3201 1446 3254 19.
1455 3190 1517 3250 JuL
1529 3200 1602 3254 514.
1626 3190 1669 3250 Ex
1685 3192 1751 3267 ejus

434 3283 579 3344 ducemne
601 3303 619 3341 a
639 3283 770 3343 romania
788 3280 1076 3358 pontificibus,
1105 3280 1661 3357 epistoliaauperauntleutnmdecem,
1673 3298 1751 3356 quaa

435 3391 563 3449 quorum
593 3370 689 3448 aliqui
721 3372 827 3430 aeltcm
857 3371 959 3430 literae
988 3370 1077 3446 plane
1106 3388 1174 3429 cum
1187 3368 1263 3441 aliia,
1280 3388 1356 3445 quae
1366 3368 1425 3445 ipsi
1435 3368 1687 3445 anutiuacriptae,
1704 3388 1751 3429 re·

434 3478 540 3539 gravae
565 3459 733 3519 ediderunt
774 3460 802 3518 S.
828 3458 1076 3537 Symmachus
1106 3458 1202 3534 pariae
1219 3458 1298 3536 apud
1313 3458 1425 3517 Thiel
1439 3476 1484 3535 ep.
1501 3476 1574 3517 rom.
1596 3464 1678 3535 pont
1699 3477 1750 3536 ge-

434 3544 649 3633 (aee—514),
673 3566 752 3608 uuus
767 3567 802 3609 cx
816 3548 965 3609 Ecclesiae
980 3566 1077 3607 roma·
1105 3547 1216 3607 nninae
1238 3566 1306 3624 pag.
1323 3541 1506 3617 6412-7383
1526 3546 1656 3625 Migne
1672 3548 1703 3607 P.
1718 3547 1750 3606 Ia.

434 3656 490 3697 nae
505 3637 645 3710 diaconia,
659 3638 800 3698 suffectus
814 3640 861 3697 eat
874 3636 1076 3707 Anastasioll,
1105 3636 1193 3708 LXII,
1212 3646 1332 3701 40-80
1349 3640 1404 3703 etc.
1421 3670 1464 3681 ·-
1478 3636 1552 3713 Ejus
1567 3639 1703 3713 tempore
1719 3640 1750 3695 ct

436 3728 484 3786 die
508 3736 559 3791 22.
574 3727 649 3787 Nor.
667 3736 741 3799 498,
764 3746 833 3787 mox
853 3746 924 3787 vero
947 3726 1078 3802 plurima
1106 3726 1258 3785 occasione
1268 3726 1537 3786 controversiarum
1553 3724 1590 3785 de
1605 3724 1672 3801 ipae
1683 3744 1750 3803 pro·

434 3816 514 3875 mala
528 3819 575 3875 est
584 3820 723 3893 expertus
733 3816 771 3876 ab
781 3817 898 3876 aemulo
906 3816 1076 3886 herennio,
1090 3819 1092 3834 ¹
1105 3814 1227 3874 dierunt
1233 3814 1411 3875 documenta
1417 3815 1518 3891 apuria
1526 3814 1751 3892 Symmachiena

435 3906 489 3983 qui
511 3905 629 3966 ferente
648 3906 804 3970 Anastasio
827 3906 897 3982 imp.
920 3904 1077 3965 lectionem
1090 3891 1092 3906 '
1107 3898 1404 3985 (symmachianieche
1420 3898 1641 3985 Felachungen)
1661 3903 1750 3973 dicte,

434 3995 597 4057 concitavit
606 4014 698 4073 aeque
706 3993 841 4072 legitimo
851 3994 993 4071 opposuit
1003 4012 1077 4070 pou·
1090 3937 1092 4079 y
1105 3993 1237 4052 narratio
1248 3992 1311 4057 acil.
1327 3994 1364 4053 de
1376 3994 1465 4069 lepau
1473 3992 1638 4053 Marcellini
1648 4010 1750 4069 papae,

433 4083 515 4147 tifici.
548 4084 711 4144 Schiemete
733 4087 888 4160 utcunque
912 4083 1010 4159 sopito
1029 4100 1077 4141 ca·
1090 4105 1092 4173 p
1105 4084 1171 4141 acta
1196 4082 1302 4159 synodi
1328 4081 1535 4154 aiuueaacuaia,
1560 4081 1751 4143 commutire

433 4172 556 4231 lumuiis
579 4173 617 4232 ab
638 4172 818 4232 adversariis
834 4173 893 4232 fuit
908 4172 1076 4247 impetitus,
1090 4177 1092 4222 l
1105 4170 1284 4248 baptismus,
1309 4172 1515 4231 Constitutum
1540 4170 1687 4249 Sylraatri
1710 4188 1751 4234 cc.

433 4260 494 4320 imo
524 4263 556 4321 et
586 4261 784 4333 ,maculentur
814 4262 997 4321 vulneretua‘
1022 4262 1077 4320 est.
1108 4269 1148 4324 20
1173 4263 1321 4332 constane,
1347 4261 1459 4321 hiberii
1482 4264 1575 4339 geete,
1601 4259 1689 4337 Xyali
1706 4256 1751 4318 111

433 4348 546 4409 Verum
556 4350 688 4428 synodus
703 4350 910 4410 e'l'heodorico
920 4352 1078 4410 convocata
1105 4350 1245 4427 purgatio
1261 4353 1325 4421 etc,
1342 4350 1413 4409 stilo
1427 4350 1558 4419 horrido,
1575 4349 1705 4426 implexo
1721 4353 1752 4408 at

434 4439 473 4499 ed
495 4458 614 4500 canaam
629 4439 859 4517 dijudicandam,
885 4440 1077 4499 Palmaria
1106 4438 1232 4499 obscuro
1249 4440 1422 4516 composita.
1454 4438 1520 4498 litai
1545 4438 1654 4515 scripta
1678 4442 1752 4497 aunt

433 4529 641 4605 cognominata
665 4527 713 4589 rel
737 4529 809 4605 qnia
830 4529 863 4587 iu
888 4529 952 4588 loco
976 4528 1079 4587 hahita
1106 4527 1143 4585 ad
1159 4528 1300 4587 tuendam
1313 4528 1479 4607 Symmachi
1493 4546 1621 4597 caueam,
1637 4528 1752 4586 calum-

433 4618 490 4676 lori
514 4619 628 4679 romani
650 4618 688 4678 ed
703 4617 836 4677 Palmam
857 4618 946 4688 dicto,
974 4617 1020 4676 rel
1044 4616 1077 4675 in
1105 4616 1188 4676 nioae
1210 4620 1311 4677 tamen
1332 4637 1367 4678 ea
1389 4616 1568 4677 tribuuntur
1588 4616 1649 4691 ipei
1665 4616 1752 4692 Sym·

434 4706 512 4765 atrio
527 4724 551 4771 a.
561 4707 643 4766 Petri
655 4706 692 4767 ed
702 4708 838 4767 Pelmeta
856 4706 1012 4784 appellato,
1028 4706 1078 4765 vel
1105 4706 1217 4777 mecho,
1233 4724 1267 4765 ac
1282 4706 1308 4766 ai
1317 4706 1370 4766 illa
1379 4726 1433 4783 pro
1443 4705 1613 4766 cafiuxerit
1635 4704 1752 4764 Auctor

430 4795 519 4871 juxte
542 4796 658 4872 aliquoa
682 4796 755 4872 quia
778 4796 863 4855 illiue
894 4795 988 4855 aeeaio
1018 4794 1151 4912 luitpeat
1173 4795 1261 4871 plana
1284 4814 1450 4873 anonymus
1466 4798 1557 4872 etque
1572 4794 1752 4855 documenta

432 4884 594 4961 praecipua
614 4888 646 4943 et
664 4886 872 4962 peremptoria,
897 4884 1076 4944 sentcntiam
1105 4884 1301 4945 characterem
1324 4903 1404 4945 mare
1428 4886 1580 4962 privatum
1596 4876 1751 4964 habentl).

434 4972 471 5032 de
484 4973 658 5049 Symmacho
674 4972 731 5034 eoli
747 4974 801 5032 Dei
813 4973 928 5050 judicio
943 4977 1092 5066 reserva-J
1143 5002 1163 5072 ¹)
1177 5000 1218 5055 cp
1239 5000 1370 5056 (prim
1390 4999 1560 5056 Geaehpflhp,
1584 5000 1671 5055 Rom,
1690 5000 1750 5055 und

435 5061 489 5133 vit,
506 5063 537 5120 et
551 5060 721 5137 pontificem
736 5063 773 5121 ab
789 5062 929 5123 omuibus
944 5060 1156 5125 inprimi-rear
1187 5072 1290 5143 Pepate
1321 5072 1343 5138 Ι,
1374 5074 1427 5131 718
1458 5090 1502 5136 aa,
1534 5072 1586 5140 qui
1617 5076 1750 5127 aeremia
