4117 5842
330 609 397 664 249
784 594 811 647 S.
824 593 869 646 Jo.
882 592 1076 663 chrysostomi
1089 609 1183 662 opera.
1577 609 1639 666 250

327 781 358 837 et
380 779 517 851 thesim
537 781 612 842 oret.
626 779 667 838 Vl
689 781 724 838 de
740 780 924 854 providentis
946 787 972 837 et
999 783 1031 837 et
1052 781 1157 838 contre
1178 778 1316 856 gentiles,
1341 779 1374 838 iu
1399 797 1459 856 quo
1483 779 1640 856 religionis

327 870 393 943 suto
416 865 569 948 (nonnihil
593 869 722 947 dubiae).
752 868 837 928 liom.
860 868 916 927 VII
938 869 972 928 de
999 868 1176 927 christianus
1185 868 1342 927 veritatem
1353 887 1388 928 ex
1402 868 1489 926 factis
1505 873 1536 926 et
1550 869 1640 928 mira.

325 957 644 1034 ieiunioldignebll‚
656 967 692 1021 'tl
703 966 808 1020 1-24
818 961 891 1016 sunt
901 976 972 1034 sup·
999 957 1073 1016 culis
1090 957 1199 1016 christi
1224 957 1348 1032 ejusque
1364 959 1543 1016 sectatorum
1559 974 1639 1016 com-

326 1045 444 1123 positae
460 1045 540 1106 sicut
554 1045 627 1104 uliae
642 1047 697 1105 Vll
707 1042 803 1128 (Vlll)
818 1049 850 1105 in
860 1045 972 1105 Pescla
998 1046 1104 1122 probat
1120 1041 1220 1126 (382).
1236 1081 1276 1091 -
1295 1045 1498 1106 Pulcherrima
1520 1063 1640 1122 quoque

327 1133 384 1215 (ib.
396 1131 475 1207 uix,
503 1132 701 1216 sel—756).
717 1169 760 1180 -
773 1136 860 1195 Horu.
875 1135 916 1193 lx
938 1138 972 1194 de
999 1139 1090 1211 etque
1106 1135 1268 1194 utilissime
1284 1137 1356 1194 sunt
1374 1135 1516 1210 opuscula
1531 1151 1640 1194 esce-

322 1227 518 1301 poem'tentic,
535 1223 583 1283 vel
597 1224 633 1282 de
643 1225 735 1284 vsriis
745 1225 909 1284 virtutibus
924 1243 971 1284 co·
998 1224 1093 1283 tice:
1108 1224 1191 1282 Libri
1202 1225 1260 1282 duo
1270 1225 1310 1282 ed
1324 1225 1503 1282 Theodorum
1513 1224 1638 1300 lapsum,

326 1313 430 1372 lendis
453 1331 509 1372 seu
530 1312 614 1372 vitiis
636 1313 788 1383 cavendis3
811 1315 890 1373 hom.
905 1313 972 1372 XXI
999 1312 1052 1388 qui
1069 1312 1217 1388 quondum
1239 1313 1299 1372 fuit
1321 1331 1395 1371 suus
1414 1312 1640 1388 condiscipulus

329 1403 363 1460 de
388 1403 498 1461 octub
524 1403 561 1461 ed
585 1403 729 1478 populum
754 1403 972 1462 antiochenum.
999 1406 1030 1459 et
1044 1401 1459 1478 inprofitsndsriteeseetics
1467 1401 1639 1477 pedisequa,

329 1490 574 1568 Dejecerstenim
588 1493 719 1567 populus
735 1491 767 1550 in
777 1491 922 1551 seditione
934 1492 972 1551 ob
999 1490 1052 1549 aed
1077 1509 1176 1548 amore
1199 1491 1291 1550 seculi
1313 1494 1344 1550 et
1364 1491 1539 1567 praesertim
1562 1491 1639 1550 Her-

328 1581 455 1639 nimism
464 1580 647 1639 tributorum
658 1581 695 1659 (a.
707 1581 782 1660 381)
792 1581 972 1640 exactionem
999 1579 1108 1638 mionis
1119 1579 1235 1654 puellae
1251 1598 1350 1639 smore
1365 1582 1470 1656 captus
1486 1580 1641 1657 proposito

328 1669 520 1745 imperatoris
529 1667 711 1749 (Theodosii)
726 1671 819 1746 patris
827 1669 972 1729 filiorum·
998 1667 1090 1744 priori
1105 1669 1279 1728 renunciare
1295 1669 1484 1746 cogitaverat.
1514 1668 1640 1728 Munitis

329 1777 391 1834 que
412 1760 445 1818 et
465 1758 604 1817 Flscillse
622 1759 723 1817 uxoris
734 1760 797 1834 J‘em
813 1758 971 1818 defunctae
999 1757 1063 1815 suis
1087 1758 1221 1828 sinceris,
1244 1757 1456 1834 eloquentibus
1479 1761 1570 1834 atque
1592 1776 1638 1816 sr-

330 1851 457 1906 statuas.
488 1846 644 1907 Proiectus
671 1851 718 1906 est
742 1848 901 1907 Flavianus
926 1867 971 1924 ep.
999 1846 1140 1905 dentibus
1164 1866 1232 1906 eum
1257 1847 1293 1904 sd
1318 1849 1465 1907 saniorem
1489 1847 1642 1906 revocavit

329 1935 367 1994 ad
398 1936 586 2014 impensioris
616 1937 750 1995 animum
779 1937 971 2012 placandum:
997 1939 1136 1999 mentem.
1153 1935 1223 1994 Fuit
1232 1936 1259 1995 is
1270 1936 1438 1996 Theodorus
1448 1936 1640 2013 postmodum

329 2025 403 2084 adeo
426 2029 526 2084 sutem
549 2025 726 2102 eloquenter
746 2044 864 2085 causum
886 2044 970 2085 susm
997 2026 1154 2101 episcopus
1170 2030 1408 2102 mopsuestenus,
1437 2025 1638 2085 nominatissi-

328 2115 489 2190 peroravit,
500 2114 858 2191 ntimperatorlacrymas
869 2119 970 2174 tenere
997 2132 1065 2172 mue
1082 2115 1137 2174 hoc
1152 2115 1261 2185 seculo,
1277 2114 1585 2176 utinfravidebimus.
1599 2147 1635 2158 -

328 2201 971 2282 nonpotueritl).Antiochenisintermetum
997 2203 1065 2261 Non
1075 2203 1199 2263 minoris
1210 2203 1388 2262 sinceritatis
1403 2207 1434 2262 et
1443 2203 1555 2262 ardoris
1566 2206 1641 2262 sunt

328 2295 361 2349 et
375 2310 463 2367 spem
477 2293 693 2352 fluctuantibus
709 2293 815 2351 hebuit
830 2311 852 2351 s.
867 2293 971 2352 doctor
997 2292 1059 2354 112
1077 2297 1143 2376 περὶ
1159 2291 1351 2366 sacerdtem:
1367 2295 1402 2352 de
1415 2294 1638 2368 compunctione,

327 2381 385 2440 has
393 2382 830 2452 homiliesoccssioneesusus,
846 2381 970 2440 utcives
999 2399 1124 2456 quorum
1141 2383 1223 2458 prior
1245 2387 1292 2440 est
1313 2383 1349 2440 sd
1366 2381 1548 2442 Demetrium
1563 2382 1638 2440 ami·

329 2470 370 2529 sd
399 2471 617 2546 poenitentiam
642 2472 827 2547 elueudsque
851 2471 970 2540 scelere,
998 2488 1074 2542 cum,
1092 2471 1168 2530 slter
1182 2471 1217 2530 ad
1229 2471 1559 2542 Stelechiumsmicum3
1575 2470 1637 2534 ll.3

328 2558 445 2636 quibus
459 2559 535 2618 iram
550 2561 605 2619 Dei
626 2560 659 2619 in
682 2577 713 2618 se
731 2563 969 2635 provocaverunt,
997 2559 1074 2642 πρὸς
1089 2561 1159 2632 τοὺς
1173 2562 1381 2644 πολεμοῦντας
1396 2568 1457 2631 τοῖς
1473 2557 1520 2622 ἐπὶ
1535 2563 1569 2624 τὸ
1580 2581 1638 2644 μο-

328 2649 482 2709 excitaret.
500 2649 637 2708 Cernitur
651 2649 683 2707 in
693 2649 739 2707 his
749 2649 879 2708 homiliis
890 2667 970 2706 sum·
997 2651 1094 2720 νὰζειν
1109 2646 1263 2728 ἐνάγουσιν
1279 2651 1641 2726 adversusoppupnctores

329 2757 380 2796 ma
404 2738 593 2812 eloquentius
622 2738 669 2796 ris
699 2740 790 2814 atque
814 2738 970 2815 elegantia.
997 2740 1071 2796 vilae
1093 2742 1267 2796 monasticae
1272 2759 1285 2813 ,·
1307 2738 1338 2801 ll.
1359 2749 1376 2802 3
1401 2739 1435 2796 de
1452 2739 1638 2813 procidentia

329 2825 512 2886 Ptodierunt
520 2826 643 2886 seorsim
660 2827 892 2904 (lstinetsntum
902 2845 969 2885 cum
997 2827 1052 2885 Dei
1068 2827 1104 2885 ed
1121 2827 1283 2904 Stagirium
1298 2827 1485 2897 monachum,
1501 2823 1640 2911 ἀσκητὴν

329 2916 410 2978 hom.
441 2916 481 2974 lx
512 2915 548 2974 de
577 2915 774 2994 poenitentis)
806 2916 970 2992 'lymarise
998 2915 1183 2998 despordsrc
1198 2935 1215 2973 s
1229 2917 1370 2974 daemone
1385 2919 1531 2986 veretum,
1548 2933 1640 2990 quem

332 3015 372 3067 17
377 3014 420 3068 63
435 3004 470 3062 in
481 3013 509 3066 4.
532 3005 615 3064 Alias
630 3005 765 3064 homitias
773 3006 814 3063 XI
829 3022 853 3064 c.
869 3024 894 3063 a.
907 3015 968 3068 398
997 3005 1087 3064 nimis
1111 3004 1254 3062 efflictum
1280 3005 1514 3064 consideratione
1538 3004 1637 3081 provi·

329 3094 378 3152 rel
390 3103 453 3157 399
463 3093 516 3152 GP.
530 3093 648 3152 habites
663 3093 701 3152 ad
716 3094 873 3153 historiam
888 3094 970 3153 illius
998 3094 1116 3153 dentiae
1142 3093 1259 3152 divinae
1291 3093 1381 3152 solari
1412 3093 1537 3151 nititur:
1570 3109 1640 3150 cum

328 3183 476 3258 temporis
484 3182 692 3242 illustrandam
706 3183 797 3242 utiles
813 3183 910 3243 serius
925 3201 971 3241 re·
998 3184 1109 3258 quibus
1125 3185 1260 3242 cohaeret
1278 3180 1298 3269 ἡ
1313 3184 1392 3244 κατὰ
1407 3187 1530 3264 χριστὸν
1546 3179 1637 3264 φιλό-

329 3277 431 3348 pertss
441 3271 531 3330 hebes
545 3272 775 3349 MigneLXlIL
788 3281 971 3335 455—565.
998 3274 1276 3355 cupincomperatie
1290 3274 1366 3348 repis
1381 3278 1406 3328 et
1422 3271 1563 3345 rnoneclai,
1578 3288 1641 3346 qua

1000 3361 1198 3436 probatem,
1224 3363 1276 3435 qui
1299 3365 1376 3420 vitae
1393 3360 1572 3419 monasticae
1588 3359 1639 3417 det

378 3459 451 3513 136.
466 3449 638 3526 Composuit
647 3450 873 3527 chrysostomus
882 3451 970 3508 etism
999 3469 1126 3526 operam,
1136 3469 1312 3526 regemrers
1322 3450 1476 3526 appellari,
1492 3451 1551 3507 imo
1567 3465 1639 3525 rege

330 3540 449 3615 aliquot
463 3539 623 3615 opusenls:
639 3539 854 3598 Demonstrabo
869 3542 972 3598 contra
998 3540 1138 3598 ditiorem
1154 3547 1184 3598 et
1193 3541 1390 3615 potentiorem
1401 3543 1490 3614 atque
1501 3539 1532 3597 in
1542 3547 1638 3598 morte

329 3628 462 3687 ludaeos
480 3633 511 3686 et
526 3629 663 3706 gentiles,
689 3631 764 3705 quod
779 3628 912 3687 Christus
933 3631 972 3686 sit
999 3646 1064 3687 csse
1080 3628 1250 3688 beatiorem.
1283 3629 1403 3704 Spirant
1419 3629 1451 3686 in
1467 3629 1547 3688 hisce
1563 3646 1639 3704 opu·

329 3717 411 3776 Deus
427 3713 460 3798 (i.
477 3717 554 3776 circe
569 3737 594 3776 s.
612 3721 697 3792 381),
714 3719 747 3775 in
763 3717 821 3776 fine
836 3722 872 3776 ut
887 3717 971 3775 ride-
999 3717 1090 3776 sculis
1116 3718 1204 3776 ardor
1228 3721 1259 3776 et
1282 3718 1512 3794 msgnsnimites
1537 3717 1637 3786 enimi,

328 3807 380 3866 tur
389 3807 506 3876 mutila,
524 3805 704 3876 sedinricts,
721 3807 970 3881 eloquentissime,
999 3825 1087 3881 quum
1099 3809 1271 3882 conceperat
1287 3825 1309 3866 s.
1321 3807 1432 3877 doctor,
1449 3825 1516 3865 curn
1532 3807 1637 3864 erden-

329 3896 439 3954 hausts
452 3895 628 3972 praesertim
650 3915 686 3954 ex
704 3895 872 3972 adimpletis
889 3895 924 3958 V,
939 3896 970 3952 Τ.
998 3896 1114 3954 tissime
1137 3913 1168 3954 ss
1190 3896 1269 3954 vitae
1285 3895 1412 3954 tradidit
1427 3895 1578 3958 asceticae.
1594 3928 1639 3938 -

330 3983 481 4044 renciniis
504 3987 536 4043 et
557 3984 637 4060 ipius
661 3983 770 4043 Christi
792 3985 969 4060 prophetiis,
998 3985 1043 4042 De
1065 3986 1226 4061 sirpinitatc
1245 3985 1264 4044 l.
1287 3985 1376 4059 plene
1399 3985 1541 4054 eximius,
1565 3985 1596 4045 ll.
1619 3994 1638 4048 2

329 4078 360 4132 et
382 4093 418 4132 ex
434 4073 582 4132 Ecclesiae
603 4073 717 4132 invicta
732 4073 911 4150 firmitatefl).
927 4108 970 4116 —
998 4074 1038 4130 ud
1055 4075 1171 4132 viduam
1186 4075 1347 4150 juniorem
1371 4076 1402 4133 ll.
1428 4084 1444 4137 2
1470 4076 1545 4158 πρὸς
1568 4081 1638 4146 τοῦς

326 4163 419 4222 hiber
433 4159 467 4220 in
482 4179 505 4222 s.
523 4159 675 4239 Batylcm,
696 4165 798 4220 contre
813 4162 970 4220 lulianum
997 4160 1126 4245 ἔχοντας
1158 4165 1331 4245 παρθένους
1363 4167 1574 4234 covers-essese
1608 4169 1639 4222 et

327 4301 490 4312 --.
997 4253 1063 4333 περὶ
1086 4260 1137 4314 τοῦ
1160 4254 1214 4324 τὰς
1236 4256 1398 4324 reverende
1421 4256 1463 4338 μὴ
1493 4261 1638 4316 συνοικεῖν

328 4365 970 4508 11111111111111111111111
996 4337 1641 4507 tirtel.{dimittitis

698 4485 702 4492 .
742 4470 751 4490 ι
961 4472 969 4481 ·
1519 4473 1525 4500 y

328 4509 465 4577 quentiae
487 4509 634 4579 egregium
656 4510 827 4591 6191111Ῑῦ91
849 4510 916 4565 hinc
930 4527 969 4563 re·
996 4519 1132 4589 ebusum,
1142 4539 1201 4596 quo
1217 4521 1315 4580 clerici
1331 4521 1457 4580 coelibes
1472 4521 1504 4577 in
1520 4517 1637 4577 domum

328 4579 969 4722 gsstffizggflsgglrlffleffiffieiffFsslgffbssrpg·
997 4609 1196 4684 reciepiebsnt
1205 4612 1329 4687 puellas,
1347 4629 1422 4686 quse
1432 4607 1638 4685 virginitatem

330 4727 399 4779 1333
418 4723 461 4776 ed·
482 4731 500 4778 4
519 4741 548 4804 p,
561 4730 700 4782 sss-43:
722 4724 832 4806 prodiit
853 4725 969 4778 seorsim
995 4699 1219 4773 profitebuntur,
1236 4719 1270 4757 eo
1286 4699 1415 4773 specioso
1430 4698 1587 4775 praetextu
1602 4699 1640 4755 ut

328 4809 387 4849 cur.
399 4794 431 4848 L.
444 4793 480 4847 de
492 4795 628 4848 Sinner
640 4795 758 4850 Parisiis
771 4800 853 4855 1842ς
866 4812 924 4850 cur.
938 4795 969 4848 E.
997 4804 1052 4844 ceu
1067 4789 1172 4844 iratres
1189 4807 1254 4844 cum
1273 4787 1423 4846 sororibus
1434 4787 1637 4846 conviverent.

327 4863 457 4937 lingon
470 4864 511 4920 ib.
526 4869 610 4927 1887;
626 4873 702 4924 1893.
997 4907 1039 4916 -
1049 4874 1197 4943 Quaedam
1206 4877 1347 4951 opuscula
1356 4877 1476 4954 scripsit
1486 4875 1640 4936 occasione

326 4937 969 5077 „Jtnpfdfflqffassufffigbsslolffiegffiiffi
997 4964 1209 5039 persecutionis
1219 4967 1248 5022 in
1257 4966 1355 5042 ipsum
1371 4969 1468 5026 motee
1483 4969 1514 5026 st
1530 4965 1637 5035 exsilii,

326 5077 403 5132 inte,
416 5096 512 5150 opusc.
526 5081 576 5136 ⁸01,
590 5080 635 5135 ss·
648 5080 702 5134 pp,
716 5078 876 5151 Oeniponte
893 5085 969 5138 1871.
997 5071 1072 5127 ques
1089 5055 1153 5129 ejus
1169 5054 1301 5114 animum
1317 5056 1522 5126 fortissimum,
1540 5055 1635 5114 excel·

327 5149 559 5215 XV,111-182;
576 5157 639 5209 1901
655 5152 699 5207 ed.
712 5159 737 5206 2.
997 5161 1072 5213 sum,
1097 5161 1130 5200 er
1154 5143 1210 5202 tide
1226 5145 1379 5205 virentem
1394 5144 1534 5222 produnt,
1557 5149 1594 5204 ut
1617 5145 1639 5202 l.
