4117 5842
446 589 507 642 595
596 571 746 627 car-700.
760 567 840 623 Rom.
853 566 1011 639 pontifices.
1024 566 1149 622 Joannes
1161 567 1219 632 IV,
1232 567 1407 634 Theodorus,
1419 566 1562 622 Martinus
1574 567 1606 632 1„
1692 587 1751 640 595

444 757 603 816 confovit‘
636 757 709 832 Ejus
726 754 867 832 epistolas
884 749 952 838 (18)
976 755 1007 811 et
1029 754 1087 812 alia
1113 755 1753 833 acceptotypourgentibusundiqnsortho·

444 841 1087 922 quaaedipsnmspectantcf.spudlligns
1113 844 1197 904 doxis
1228 843 1372 904 celebrem
1402 844 1552 922 synodum
1583 846 1756 906 convocarit

443 935 553 1006 LXXX,
572 944 755 998 roe—495.
1112 934 1338 1004 lateranensem,
1355 933 1387 993 in
1402 953 1462 1011 qna
1472 937 1573 1010 patres
1581 935 1754 1013 congregati

1113 1023 1383 1083 hlonotheleterum
1393 1024 1573 1100 coryphaeos
1587 1028 1618 1082 et
1626 1024 1754 1084 eundem

490 1123 562 1177 330.
572 1112 593 1170 J
600 1130 744 1172 oannes
761 1109 810 1175 IV.
820 1111 1084 1183 Judarensis„Dal·
1112 1115 1219 1189 typum
1230 1112 1474 1188 condemnarunt,
1485 1113 1756 1187 atquelncnlenter

443 1206 530 1273 mete,
557 1201 762 1278 pontificatum
787 1195 881 1278 gessit
903 1222 921 1260 a
944 1211 993 1264 24.
1018 1203 1085 1262 Dec.
1112 1201 1279 1261 doctrinam
1324 1205 1525 1278 exposuerunt
1569 1202 1754 1261 catholicam.

445 1301 607 1354 640—11.
625 1290 688 1354 Oct.
706 1299 778 1353 642.
812 1289 956 1350 Constans
979 1292 1010 1351 et
1027 1292 1083 1351 im·
1113 1290 1190 1349 Hine
1206 1293 1271 1350 orta
1285 1289 1384 1368 gravis
1405 1291 1439 1349 in
1458 1289 1637 1350 orthodoxos
1652 1309 1753 1367 perse·

443 1380 621 1456 perterritus
638 1379 815 1439 orthodoxae
838 1379 907 1438 fidei
929 1383 994 1439 erat
1015 1400 1083 1458 pro·
1112 1379 1193 1438 cutio
1208 1379 1379 1456 missusque
1394 1381 1441 1439 est
1461 1379 1494 1437 in
1516 1379 1634 1438 Italiam
1650 1379 1753 1456 Olym-

443 1471 601 1546 pugnstor,
628 1469 681 1544 qui
696 1468 785 1527 minis
801 1469 990 1530 exarcharum
1007 1470 1084 1529 nihil
1111 1468 1181 1545 pius
1196 1468 1384 1546 imperatoris
1400 1468 1603 1528 cubicularius
1623 1472 1655 1528 st
1670 1488 1754 1528 exar-

442 1558 589 1617 cedensin
605 1557 728 1617 concilio
743 1557 949 1634 episcoporum
965 1558 1084 1618 damna·
1111 1558 1174 1628 cha,
1190 1557 1244 1634 qui
1255 1557 1755 1635 omnsseogeretadaeeepuncum

442 1648 486 1706 vit
508 1647 777 1706 Monothelatarum
802 1647 947 1707 haeresim
970 1651 1001 1707 et
1023 1649 1084 1708 llo·
1110 1651 1226 1723 typum.
1258 1646 1327 1722 Ipsa
1342 1646 1477 1723 pontifex
1492 1647 1568 1706 mire
1583 1647 1638 1706 Dei
1651 1648 1754 1722 prori-

442 1737 562 1796 nerium
571 1736 823 1812 praedecessorem
833 1739 1084 1816 scripteapolcpio
1111 1735 1212 1795 dantia
1226 1735 1323 1796 evasit
1336 1737 1442 1796 mortis
1451 1735 1629 1812 pericnlum.
1652 1736 1754 1813 Olym·

442 1825 479 1884 ad
496 1825 722 1886 Constantinum
748 1825 825 1902 imp,
841 1826 879 1884 ah
901 1827 1083 1887 adversario·
1110 1824 1160 1901 pio
1191 1824 1331 1885 defuncto
1361 1825 1473 1884 missus
1503 1829 1551 1884 est
1580 1825 1753 1885 Theodorus

440 1934 506 1974 rnm
524 1913 863 1980 calumniisvindicscit,
886 1916 984 1976 Habes
999 1916 1083 1974 illam
1111 1918 1305 1990 cognomento
1330 1914 1459 1991 Calliope
1487 1914 1619 1986 exarcha,
1651 1915 1706 1991 qni
1729 1934 1752 1973 s

441 2023 510 2063 cum
539 2023 584 2080 sp.
616 2003 682 2062 eliis
716 2003 814 2062 trihus
845 2004 925 2081 apud
956 2004 1003 2064 Mi
1010 2024 1083 2084 gne
1110 2003 1272 2062 Martinam
1297 2004 1355 2063 etsi
1380 2005 1535 2082 aegrotnm
1564 2003 1601 2062 do
1630 2004 1753 2063 ecclesia

441 2093 552 2165 LXXX,
581 2102 764 2156 601-609.
805 2093 904 2170 Hujus
930 2093 1083 2173 apologiae
1111 2092 1273 2152 salvatoris
1305 2093 1336 2151 vi
1360 2093 1518 2169 abreptum
1543 2092 1751 2152 Constantino-

440 2182 615 2242 testimonio
630 2180 759 2240 feliciter
774 2200 848 2242 usus
865 2185 912 2243 est
927 2203 948 2242 s.
965 2183 1082 2242 Maxi·
1110 2180 1205 2257 polim
1221 2182 1373 2258 captivum
1395 2181 1488 2246 misit.
1520 2181 1686 2257 Postquam
1708 2182 1751 2239 ihi

440 2291 469 2330 m
479 2290 522 2330 ns
546 2271 578 2329 in
601 2271 803 2346 disputatione
825 2273 914 2348 paulo
930 2276 999 2349 post
1014 2291 1083 2332 cnm
1110 2269 1286 2330 deterrimos
1302 2289 1441 2341 carceres,
1458 2270 1555 2331 omnis
1571 2271 1691 2347 generis
1706 2271 1752 2329 in·

440 2361 554 2437 Pyrrho
577 2359 777 2419 monotheleta
799 2364 830 2419 et
853 2360 947 2440 Sergii
964 2379 1082 2422 succes·
1105 2359 1211 2435 jurias,
1229 2360 1434 2432 contumelias,
1450 2360 1752 2436 verationssestper·

441 2467 507 2509 soro
523 2449 633 2508 habita.
643 2483 686 2491 -
696 2448 821 2509 Joannis
831 2469 982 2511 successor
992 2448 1082 2533 (642)
1109 2467 1224 2525 nessus,
1245 2450 1351 2523 pulsus
1366 2453 1412 2510 est
1427 2449 1460 2508 in
1476 2448 1612 2508 exsilium
1629 2449 1752 2509 osma

440 2538 665 2598 Theodorus
688 2537 719 2610 1,
745 2539 843 2614 patrie
867 2539 1081 2618 Hierosolymi·
1109 2555 1187 2608 nam,
1204 2538 1258 2596 uhi
1274 2539 1425 2598 aerumnis
1441 2537 1593 2598 confectus
1612 2549 1661 2602 16.
1671 2539 1753 2614 Sept

395 2689 397 2696 Α
439 2631 529 2686 tanus
552 2646 612 2687 non
627 2627 735 2686 minori
759 2630 926 2688 constantia
948 2649 1001 2708 pro
1025 2631 1082 2690 fide
1111 2636 1172 2691 655
1198 2627 1289 2686 cessit
1312 2646 1330 2686 e
1352 2629 1415 2687 vita
1439 2627 1592 2686 miraculis
1614 2623 1752 2708 clarus1).

440 2716 583 2775 catholica
611 2720 714 2776 contre
738 2716 961 2794 Monotheletas
985 2720 1080 2791 stetit,
1109 2716 1181 2775 Tam
1203 2715 1240 2774 ab
1255 2715 1386 2776 Ecclesia
1401 2715 1494 2776 latine
1511 2736 1600 2792 quam
1615 2735 1633 2774 a
1648 2735 1754 2794 graeca

439 2806 566 2864 Paulum
589 2805 699 2882 Pyrrhi
723 2805 791 2865 sede
816 2808 1081 2886 constantinopoli·
1109 2804 1189 2863 inter
1204 2808 1322 2865 sanctos
1338 2806 1456 2865 colitur.
1489 2805 1656 2881 Supersunt
1670 2807 1752 2881 ejus·

439 2899 511 2954 tana
526 2895 607 2972 pulsi
623 2913 831 2966 successorem,
858 2898 1080 2957 monothelstis·
1108 2893 1176 2952 dem
1191 2895 1326 2969 metelos
1339 2895 1576 2972 XVHegregiae,
1592 2895 1753 2973 pleraeque

439 3003 520 3042 mum
536 2984 723 3060 profitentem
741 2985 887 3060 deposuit.
911 2987 987 3045 Hinc
1003 2989 1078 3047 Pan·
1109 2984 1161 3041 hes
1177 2984 1392 3043 controversias
1406 2983 1652 3044 monothelsticas
1667 2999 1752 3060 spec·

440 3074 488 3132 lus
514 3076 613 3132 astute
639 3073 794 3132 Constanti
819 3074 890 3151 imp.
916 3075 1020 3148 suasit,
1045 3080 1082 3135 ut
1108 3074 1206 3131 tentes
1229 3073 1309 3148 apud
1331 3073 1457 3133 hlansi
1479 3073 1546 3132 coll.
1569 3091 1649 3134 conc.
1671 3076 1695 3135 t.
1710 3072 1752 3144 X,

440 3162 578 3233 edictum,
605 3165 695 3239 typus
721 3164 914 3239 appellatum,
946 3166 1081 3242 promul·
1109 3160 1312 3220 Herdonin
1327 3165 1349 3224 t.
1365 3162 1418 3234 lll,
1434 3163 1513 3222 etin
1529 3163 1656 3240 hligns
1671 3161 1704 3221 P.
1720 3162 1752 3220 L.

439 3253 532 3328 garet,
559 3271 618 3327 quo
643 3252 797 3311 silentium
819 3253 1024 3329 imponeretur
1044 3254 1080 3313 de
1107 3249 1273 3322 LXXXVII,
1294 3261 1476 3315 119-211.
1493 3252 1621 3310 -Post
1636 3250 1754 3327 aliquot

439 3360 475 3399 ea
495 3339 693 3412 altercatione,
719 3360 795 3417 quae
820 3342 856 3400 de
881 3361 942 3402 una
966 3361 1020 3403 sen
1044 3343 1080 3403 ds
1108 3357 1293 3399 successores
1309 3340 1503 3400 intermedios
1519 3340 1632 3399 electus
1650 3345 1698 3399 est
1719 3341 1753 3399 in

439 3430 555 3488 duabus
570 3429 780 3488 voluntatibus
803 3429 835 3489 in
852 3430 967 3491 Christo
982 3435 1079 3492 verte-
1108 3447 1264 3488 romanum
1279 3429 1449 3505 pontificem
1467 3425 1533 3512 (27.
1544 3429 1618 3488 Juni
1636 3425 1714 3510 678)
1729 3447 1753 3488 s.

438 3519 543 3576 batur:
567 3519 609 3576 ita
630 3517 768 3577 futurum
790 3519 934 3595 pollicens
953 3521 1078 3598 impera·
1107 3517 1259 3594 Agatho
1275 3519 1393 3578 natione
1404 3518 1532 3590 Siculus,
1549 3518 1607 3578 suh
1623 3536 1683 3594 quo
1699 3519 1752 3577 ha·

438 3607 506 3678 tori,
529 3608 565 3665 nt
588 3625 689 3665 omnes
709 3607 865 3668 christiani
881 3609 960 3669 orbis
977 3610 1079 3669 fideles
1107 3605 1171 3665 bita
1195 3609 1241 3666 est
1265 3607 1318 3667 ΟΡ.
1344 3609 1502 3667 concilium
1528 3607 1752 3667 oecumenicum

438 3696 469 3754 in
492 3714 583 3754 unam
606 3695 788 3772 eandemque
805 3698 964 3758 unirentur
979 3699 1079 3759 Eccle-
1107 3695 1155 3754 VI.
1173 3691 1386 3779 (ssa—681),
1412 3697 1444 3757 in
1468 3716 1528 3773 quo
1553 3696 1753 3774 peremptorie

441 3783 523 3845 siem.
556 3783 638 3860 Typo
660 3785 740 3846 edito
763 3787 892 3846 moritur
909 3787 1079 3848 Theodorus
1107 3784 1239 3844 damuati
1270 3790 1343 3845 sunt
1366 3779 1635 3847 hlo'nothelstarnm
1666 3803 1751 3862 cory-

442 3883 489 3937 13.
516 3873 582 3949 Esj.
610 3883 681 3946 649,
708 3875 782 3934 sorte
807 3879 967 3953 antequam
992 3876 1079 3937 illum
1107 3873 1193 3949 phaei
1208 3892 1372 3951 eorumque
1387 3892 1512 3945 errores,
1534 3878 1625 3950 atque
1640 3875 1684 3933 ita
1700 3874 1750 3934 de·

340 3973 344 3980 '
437 3962 554 4023 viderit.
587 3963 713 4023 Exstant
735 3964 825 4041 hujus
847 3966 996 4043 pontificis
1018 3969 1078 4043 epi-
1108 3981 1189 4021 mum
1205 3981 1262 4040 per
1278 3964 1442 4040 composita
1456 3965 1536 4024 inter
1551 3963 1705 4023 Orientem
1720 3969 1750 4022 et

436 4054 525 4111 dolce
540 4055 661 4112 tantum
676 4053 800 4114 ducein
816 4072 905 4114 causa
919 4055 1005 4114 Pauli
1015 4057 1078 4127 cP,
1107 4051 1306 4125 Occidentem,
1338 4073 1427 4130 quam
1457 4055 1545 4112 antea
1574 4053 1750 4112 turbaverat

437 4143 467 4200 ct
491 4143 627 4215 epistolae
652 4143 843 4202 ecclesiarum
859 4144 1078 4216 Africanorum,
1106 4140 1227 4200 illorum
1242 4141 1382 4203 haeresis.
1413 4143 1517 4202 Exstat
1541 4141 1632 4220 hujus
1648 4142 1749 4218 ponti-

437 4248 552 4289 necnon
577 4233 607 4288 et
632 4231 806 4292 Victoris
841 4233 1078 4310 carthaginensis
1106 4281 1267 4291 .-

437 4319 566 4396 elli⁸⁰⁰l³i
589 4319 626 4378 ad
649 4340 726 4392 “uma
750 4341 826 4398 quw
842 4323 993 4397 praelim
1008 4341 1078 4382 ⁰⁰¹¹·
1147 4351 1164 4418 ¹)
1179 4346 1220 4402 Cf.
1234 4347 1269 4400 de
1283 4346 1347 4401 dira
1364 4347 1395 4400 in
1409 4347 1623 4402 sanctissimum
1635 4364 1751 4416 praesu·

436 4409 536 4468 tinent
551 4409 724 4469 testimonio
746 4429 799 4487 pro
815 4411 947 4488 primatu
964 4412 1077 4471 romani
1106 4418 1163 4472 lem
1176 4420 1302 4472 excitata
1315 4419 1515 4489 persecutione
1523 4422 1553 4473 et
1559 4418 1694 4489 passione
1701 4435 1750 4472 an·

436 4498 571 4575 episcopi
593 4493 642 4581 (cf.
658 4499 784 4576 lligne
799 4499 965 4572 LXXXVII,
992 4512 1078 4564 71-
1106 4489 1301 4578 tiqnissimam
1314 4494 1344 4544 el
1356 4490 1411 4544 fide
1425 4489 1544 4573 (lignem
1553 4494 1750 4572 mrtem:

441 4583 525 4668 ¹⁰²)·
1105 4571 1327 4702 &seleth
1343 4577 1421 4688 titt
1433 4561 1750 4690 &ltaliam

1105 4703 1298 4774 apostolicum
1317 4722 1425 4759 novum
1438 4721 1536 4760 revera
1558 4703 1749 4760 confessorem

482 4773 555 4828 331.
573 4765 759 4826 Theodorum
782 4777 808 4829 5.
825 4767 889 4825 Juli
908 4777 970 4831 649
995 4786 1077 4826 exce·
1105 4779 1135 4828 et
1158 4778 1314 4845 martyrem
1340 4774 1498 4830 Martinam
1529 4793 1645 4846 papam,
1670 4775 1749 4846 apud

434 4854 481 4932 pit
504 4855 698 4914 Martinus
723 4855 737 4914 l
761 4855 858 4932 patria
886 4856 1076 4927 Tudertinus,
1105 4847 1226 4900 hlausi
1246 4847 1280 4912 Χ,
1302 4855 1370 4908 855:
1396 4847 1595 4902 Hcrdonin
1620 4847 1656 4911 ll,
1681 4855 1749 4905 68ος

433 4944 520 5019 prius
545 4945 703 5020 preshytm
725 4963 862 5004 romanae
878 4945 1024 5006 Ecclesiae
1047 4949 1079 5005 et
1105 4917 1561 5044 ffii.8nf³l¹xf{{vl}lv.¹¹l'¹2g·
1575 4917 1749 5045 96οἪῑὲ

1134 5007 1184 5060 gre
1197 5007 1272 5044 carce
1380 5007 1528 5060 uyussanc
1562 5007 1667 5060 praesu
1743 5032 1748 5043 .

434 5032 643 5108 apocrisiarius
653 5033 822 5109 pontificias
833 5029 1076 5118 dRssvirssdecore,
1104 5061 1271 5116 Miehael
1295 5062 1431 5118 Zeitschr.
1455 5061 1475 5116 f·
1500 5062 1529 5116 k·
1556 5061 1655 5116 Theop
1681 5066 1749 5118 189²

434 5121 547 5178 virtute
563 5123 594 5179 et
610 5121 733 5180 scientia
748 5127 909 5199 praestans,
932 5124 987 5200 qni
1009 5142 1075 5182 mox
1106 5133 1178 5199 xvi,
1192 5137 1344 5192 ste-380.
