4117 5842
440 557 503 612 255
891 546 1042 596 sol-431.
1055 541 1082 594 S.
1094 538 1295 608 Hieronymus.
1683 555 1742 620 255

439 727 476 786 ad
491 729 650 786 Damasum
667 727 842 803 pontificem,
865 728 977 804 quibus
993 729 1078 788 enixe
1105 727 1214 804 dignus
1237 743 1353 786 summo
1377 725 1544 786 sacerdotio
1560 725 1745 785 decernebar.

437 820 532 895 rogat,
548 818 585 875 ut
600 817 1078 877 controversiasauthenticadiri-
1106 817 1137 874 B.
1163 815 1321 875 memoriae
1346 815 1501 885 Damasus,
1533 833 1618 874 meus
1650 833 1744 874 sermo

438 902 541 987 matl).
574 906 657 982 ,Ego
678 906 798 965 nullum
821 907 959 982 primum,
988 907 1077 982 profi·
1105 907 1177 966 erat.
1202 904 1325 963 Dicebat
1341 907 1472 976 sanctus,
1491 903 1608 964 dicebar
1623 903 1745 964 humilis

438 997 522 1054 tetur
545 1013 591 1070 ep.
611 1005 648 1058 15
672 1013 701 1055 n
719 1003 748 1065 2,
773 995 830 1054 nisi
854 995 1005 1054 Christum
1030 1014 1078 1054 se·
1104 997 1135 1052 et
1150 993 1312 1056 dissonas

439 1102 541 1160 quens,
565 1083 746 1143 beatitudini
760 1088 830 1144 tuae
846 1083 867 1142 i.
882 1103 906 1143 e.
922 1084 1078 1144 cathedrae

437 1173 528 1245 Petri,
560 1173 767 1234 communione
790 1173 955 1233 consocior:
986 1191 1078 1250 super
1148 1171 1336 1235 140.Verum
1346 1171 1470 1230 Damaso
1479 1173 1599 1231 mortuo
1608 1166 1648 1253 (a.
1658 1167 1746 1252 384),

437 1262 519 1320 illem
556 1265 671 1338 petram
704 1263 887 1322 aedificatam
916 1262 1078 1322 Ecclesiam
1104 1261 1184 1336 apud
1206 1279 1295 1336 quem
1313 1261 1478 1338 plurimum
1494 1261 1674 1320 auctoritate
1697 1280 1747 1320 vu-

438 1351 508 1412 seio.
543 1350 721 1426 Quicunque
749 1354 834 1411 extra
857 1352 932 1412 hanc
956 1351 1077 1412 domum
1105 1349 1172 1420 luit,
1189 1350 1301 1408 electus
1317 1349 1503 1421 estSiricius,
1520 1353 1551 1409 et
1566 1349 1671 1410 exinde
1687 1351 1746 1410 cle·

438 1459 550 1518 agnum
572 1439 740 1517 comederit,
765 1441 907 1518 profanus
931 1444 978 1500 est
1000 1444 1077 1501 etc‘
1105 1438 1167 1510 rici,
1185 1438 1320 1498 monachi
1337 1439 1519 1516 etvirgines,
1535 1457 1664 1514 quorum
1674 1440 1749 1500 vitia

439 1531 466 1589 A
481 1547 504 1588 s.
520 1529 653 1601 Paulino,
670 1530 756 1605 cujus
771 1533 871 1606 partes
886 1529 1076 1606 sequebatur,
1104 1531 1206 1603 aperte
1222 1531 1253 1586 et
1268 1527 1361 1588 libere
1376 1528 1476 1588 verbis
1488 1547 1575 1605 saepe
1586 1529 1747 1588 occulcatis

439 1617 595 1678 ordinatus
610 1620 665 1689 est,
689 1619 741 1677 sed
763 1619 887 1690 invitus,
912 1619 1078 1696 presbyter.
1105 1619 1263 1692 carpserat,
1286 1616 1494 1677 vehementius
1518 1635 1586 1676 eum
1609 1618 1750 1692 impetie-

438 1707 630 1766 Amonachis
645 1707 764 1766 Meletio
780 1708 951 1768 faventibus
967 1709 1078 1768 multas
1106 1708 1186 1777 runt,
1212 1707 1321 1782 sparsis
1346 1707 1436 1766 etiam
1460 1706 1631 1766 calumniis:
1658 1725 1750 1782 quare

438 1814 545 1872 passus
559 1800 607 1855 est
615 1797 791 1858 vexationes.
812 1797 902 1856 Fama
909 1816 933 1862 s.
942 1797 1078 1874 Gregorii
1105 1794 1192 1853 Urbis
1207 1799 1362 1872 pertaesus
1387 1796 1420 1854 in
1436 1795 1589 1856 Orientem
1605 1795 1750 1856 remeavit

438 1902 501 1948 naa.
510 1888 656 1945 attractus
665 1886 951 1963 Constantinopolim
967 1905 999 1946 ae
1008 1905 1078 1946 cou-
1107 1877 1200 1966 (385)
1226 1903 1280 1961 per
1296 1884 1435 1960 prrum,
1459 1885 1513 1943 nbi
1536 1885 1751 1944 humanissime

438 1974 513 2033 tulit
530 1970 632 2057 (379),
657 1979 694 2034 ut
715 1994 750 2034 so
766 1976 908 2052 magistro
923 1975 1079 2052 proliceret
1105 1975 1246 2049 exceptus
1262 1972 1321 2032 fuit
1336 1973 1373 2032 ab
1389 1973 1565 2051 Epiphanio,
1588 1977 1620 2032 et
1641 1973 1750 2032 Antio-

438 2064 471 2122 iu
502 2068 566 2122 arte
597 2081 636 2126 ss.
661 2064 828 2139 Scripturas
853 2064 1078 2140 interpretandi.
1107 2061 1202 2120 chiam
1218 2062 1321 2138 Syriae
1336 2062 1368 2120 in
1379 2062 1554 2121 Bethlehem
1569 2063 1678 2132 locum,
1695 2062 1752 2120 ubi

438 2152 495 2212 Hie
525 2152 614 2211 etiam
645 2153 777 2229 impense
802 2153 924 2212 lectioni
954 2172 1078 2230 operum
1105 2151 1257 2226 reliquum
1272 2151 1351 2210 vitae
1369 2151 1453 2228 degit
1468 2150 1630 2210 aedificatis
1644 2170 1751 2210 mona·

439 2244 560 2317 patrum
574 2245 606 2300 et
620 2242 796 2317 scriptorum
811 2261 992 2320 graecorum,
1014 2242 1078 2301 Ori·
1106 2240 1216 2312 steriis,
1233 2241 1449 2316 unoproviris,
1468 2241 1516 2300 cai
1533 2241 1598 2316 ipse
1607 2239 1749 2316 praefuit,

438 2331 525 2406 genis
547 2330 721 2406 praesertim
742 2334 773 2390 et
794 2332 916 2390 Eusebii
938 2349 1012 2395 caes.
1034 2332 1079 2390 in·
1106 2328 1198 2389 altero
1228 2347 1282 2406 pro
1312 2329 1481 2407 virginibus
1505 2329 1562 2390 sub
1586 2329 1751 2389 directione

440 2418 554 2478 cubuit.
577 2419 761 2478 Necessitate
771 2420 970 2480 ecclesiastica
978 2422 1078 2480 motus
1106 2417 1547 2478 Paulaenohilissimaevidaae
1562 2437 1701 2478 romanae
1718 2421 1751 2478 et

439 2502 884 2590 (procomponendoschismate
892 2505 1079 2590 antiocheno)
1106 2506 1244 2582 hospitiis
1259 2525 1313 2583 pro
1328 2509 1502 2585 peregrinis.
1534 2507 1655 2567 Sanctae
1680 2507 1749 2566 illas

439 2599 562 2656 Romam
587 2615 620 2656 ss
634 2598 764 2657 contulit
778 2598 934 2674 haesitque
949 2599 980 2657 in
995 2599 1079 2658 obse·
1107 2596 1231 2656 feminas
1253 2596 1286 2655 in
1309 2597 1399 2656 sacris
1421 2597 1558 2656 instituit
1580 2597 1687 2666 literis,
1712 2597 1751 2654 ad

442 2687 514 2762 quio
530 2705 552 2748 s.
569 2686 695 2755 Damasi,
717 2705 846 2762 eumque
860 2688 892 2746 in
907 2689 1016 2747 chartis
1032 2705 1079 2748 ec·
1107 2684 1213 2744 iratres
1231 2703 1380 2746 sermones
1400 2685 1514 2756 habuit,
1541 2685 1656 2744 scholas
1680 2704 1749 2762 ape·

441 2774 614 2834 clesiasticis
630 2775 715 2851 juvit
738 2779 769 2834 et
791 2776 921 2836 Orientis
937 2777 1079 2837 Occiden-
1107 2773 1170 2832 ruit
1192 2792 1245 2850 pro
1267 2775 1338 2833 filiis
1354 2774 1492 2836 divitum.
1524 2774 1748 2852 Rigidissimam

440 2865 540 2940 tisque
562 2864 711 2940 synodicis
736 2866 1008 2926 consultationibus
1033 2884 1078 2924 re·
1106 2863 1218 2922 ibidem
1234 2863 1321 2922 duxit
1342 2865 1443 2934 vitam,
1468 2864 1561 2922 simul
1575 2867 1677 2922 umen
1693 2863 1749 2922 im·

440 2953 561 3030 spondit
591 2949 649 3034 (ep.
678 2964 738 3018 123
764 2974 793 3014 n.
822 2950 894 3035 lt).
933 2956 1079 3015 Damasus
1107 2953 1404 3027 pensiasimestudiis
1421 2971 1452 3011 se
1469 2952 1579 3012 dicavit
1593 2952 1749 3012 addiscen-

440 3043 670 3118 sermonicum
686 3044 806 3103 maximi
820 3044 900 3115 fecit,
917 3045 1015 3119 ipsum
1031 3043 1078 3102 in·
1107 3041 1214 3117 disque
1229 3041 1276 3100 vel
1296 3045 1389 3102 noctu
1404 3041 1517 3118 linguis
1532 3041 1685 3102 hebraicae
1701 3040 1750 3100 vel

440 3132 542 3191 citavit
551 3131 588 3190 ad
597 3129 776 3191 difficiliores
787 3152 810 3195 s.
821 3132 990 3209 Scripturas
1000 3133 1079 3192 locos
1107 3131 1274 3200 aramaicae,
1299 3149 1415 3190 summa
1429 3131 1531 3190 fruens
1554 3149 1634 3207 pace,
1658 3150 1750 3206 quam

439 3221 687 3296 interpretandus,
708 3224 744 3280 nt
759 3222 928 3298 Evangelia,
951 3241 1079 3298 quorum
1107 3218 1227 3278 demum
1242 3220 1274 3278 in
1285 3238 1382 3279 eremo
1391 3221 1515 3280 invenit.
1540 3220 1587 3279 Ad
1603 3221 1658 3279 hoc
1673 3224 1749 3280 tem·

440 3310 539 3369 variae
591 3309 873 3370 circumferebantur
917 3312 1078 3379 versiones,
1107 3326 1166 3384 pus
1182 3311 1318 3384 spectant
1335 3328 1411 3385 qnae
1435 3310 1471 3368 de
1494 3328 1529 3369 eo
1552 3309 1631 3384 apud
1649 3309 1749 3385 Sulpi·

440 3399 521 3458 inter
542 3416 574 3456 se
597 3402 643 3457 sat
658 3398 791 3457 dissonas
806 3399 843 3458 ad
859 3399 974 3458 codices
988 3399 1079 3477 origi·
1107 3399 1186 3456 cium
1219 3397 1360 3458 Severum
1385 3398 1453 3461 dial.
1483 3410 1510 3469 l,
1543 3409 1571 3469 9,
1603 3398 1749 3474 legimus:

440 3487 524 3546 nates
555 3486 744 3546 reformaret:
770 3491 859 3564 atque
882 3489 950 3548 hinc
972 3493 1079 3547 enatus
1108 3487 1192 3564 ,Ego
1231 3482 1345 3566 (inquit
1382 3485 1625 3564 Posthumianus)
1670 3487 1749 3562 apud

441 3580 488 3635 est
502 3576 585 3634 labor
599 3576 793 3652 praecipuus,
814 3578 866 3653 qui
881 3597 949 3636 eum
964 3597 1018 3654 per
1033 3581 1079 3638 to·
1108 3575 1324 3652 Hieronymum
1354 3595 1404 3636 sex
1429 3575 1585 3636 mensibus
1616 3575 1670 3646 fui,
1701 3575 1749 3634 cui

440 3669 502 3723 tam
517 3664 578 3723 lere
593 3665 739 3741 reliquam
748 3665 842 3726 vitam
851 3667 1015 3742 occupavit,
1033 3667 1081 3725 vel
1104 3665 1188 3742 jugis
1204 3665 1346 3724 adversm
1362 3667 1455 3724 malos
1476 3683 1578 3742 pugna
1606 3667 1748 3742 perpetu·

441 3753 585 3825 vertendi,
611 3756 660 3812 vel
683 3754 859 3814 emendandi
882 3757 1034 3814 versiones
1057 3773 1079 3813 s.
1108 3771 1218 3829 umque
1236 3756 1383 3814 certamen
1405 3754 1534 3814 concivit
1555 3753 1623 3814 odia
1647 3753 1749 3830 perdi·

441 3843 620 3918 Scripturas,
646 3846 735 3920 atque
760 3844 907 3922 gradatim
932 3845 1080 3920 interpre·
1106 3845 1215 3901 torum.
1252 3843 1386 3902 Oderunt
1410 3861 1478 3902 eum
1503 3843 1652 3912 haeretici,
1680 3842 1750 3919 quia

440 3933 524 3991 tandi
540 3951 563 3990 s.
580 3933 748 4009 Scripturas
767 3934 875 3993 libros:
898 3952 957 4009 quo
980 3935 1080 3994 labore
1109 3949 1158 3990 eos
1184 3951 1357 4009 oppugnare
1382 3951 1443 3991 non
1468 3933 1592 3992 desinit:
1619 3931 1751 3992 oderunt

439 4021 618 4080 immortalia
631 4022 686 4080 sibi
694 4024 875 4098 comparavit
882 4042 935 4099 pro
943 4024 1081 4081 univorsa
1108 4021 1215 4090 clerici,
1232 4023 1303 4096 quia
1318 4021 1410 4081 vitam
1424 4039 1528 4081 eorum
1541 4021 1705 4082 insectatur
1721 4023 1750 4079 et

441 4111 572 4169 Ecclesia
596 4111 770 4170 occidentali
795 4111 832 4170 ad
856 4116 960 4170 nostra
984 4129 1081 4192 usque
1109 4109 1240 4168 crimina.
1272 4109 1327 4168 Sed
1350 4111 1437 4187 plane
1460 4129 1529 4169 eum
1552 4111 1623 4170 boni
1649 4127 1751 4169 omnes

440 4203 575 4275 tempora
583 4200 697 4263 merita.
720 4201 828 4258 Romae
839 4201 895 4259 viri
910 4205 940 4258 et
955 4200 1081 4259 feminae
1108 4197 1295 4257 admirentur
1309 4202 1340 4258 et
1355 4199 1496 4276 diligant,
1520 4219 1589 4258 nam
1612 4199 1666 4275 qni
1682 4217 1749 4258 enm

440 4288 640 4348 nobilissimae
655 4294 745 4364 atque
759 4289 1000 4366 opulentissimae
1016 4289 1081 4364 ejus
1109 4287 1290 4346 haereticum
1301 4305 1364 4347 esse
1376 4289 1568 4362 arbitrantur,
1585 4287 1750 4346 insaniunt

441 4377 924 4453 estradideruutdisciplinaetam
940 4379 972 4436 in
987 4377 1081 4436 ascesi
1110 4375 1182 4435 Vere
1198 4376 1332 4447 dixerim,
1350 4377 1493 4436 catholica
1508 4377 1640 4438 hominis
1657 4377 1750 4436 scien·

441 4485 532 4542 quam
547 4467 578 4525 in
595 4467 713 4538 studiis,
729 4470 873 4542 tantaque
882 4467 1012 4542 pollebat
1027 4487 1080 4526 au·
1109 4465 1159 4534 tia,
1183 4482 1256 4524 sana
1278 4466 1413 4525 doctrina
1429 4472 1483 4525 est.
1515 4467 1610 4525 'lotus
1633 4485 1751 4541 semper

441 4556 586 4627 ctoritate,
610 4559 646 4614 nt
668 4555 704 4614 de
725 4575 755 4614 se
778 4555 815 4613 ad
832 4557 961 4614 Asellam
977 4575 1022 4631 ep.
1041 4566 1079 4619 45
1110 4553 1141 4612 in
1157 4554 1292 4627 lectione,
1309 4555 1434 4614 totusin
1445 4555 1531 4614 libris
1547 4558 1609 4628 est;
1624 4573 1688 4614 non
1703 4553 1750 4614 die

442 4661 466 4702 c.
490 4655 507 4706 3
532 4645 657 4703 scribat:
684 4645 846 4713 ,Omnium
870 4663 946 4721 pene
965 4644 1081 4720 judicio
1110 4661 1206 4718 neque
1222 4647 1313 4702 noctu
1329 4645 1502 4720 requiescit3
1525 4647 1579 4703 aut
1601 4643 1678 4721 legit
1694 4643 1750 4702 ali-

1109 4731 1313 4808 quidsemper,
1323 4735 1377 4792 aut
1387 4733 1521 4792 scribit‘
1537 4733 1642 4792 Ultimi
1652 4736 1751 4792 tanam

481 4819 500 4887 ¹)
514 4814 608 4868 Helm
622 4830 668 4870 aaa
681 4814 756 4869 inter
769 4832 813 4885 ep.
826 4832 847 4867 ⁸·
861 4813 1082 4868 ⁴1⁰0l0r1382190·
1110 4821 1188 4880 vitae
1210 4823 1281 4880 anni
1297 4822 1369 4880 eatis
1386 4822 1501 4882 turbati
1517 4821 1608 4893 fuere,
1631 4825 1750 4880 coutro-

441 4888 486 5013 ἓξ
508 4885 638 5012 34011οὲὲὶ
651 4885 925 5010 ῐάἢῗθᾪῗψῦῐθ
948 4888 1015 4942 ¹⁸7⁰
1035 4885 1081 4946 XI·
1110 4910 1343 4970 versiisacribus
1359 4930 1427 4970 cum
1439 4911 1627 4988 Origenistis,
1644 4911 1750 4969 Rufino

484 4989 508 4998 -
551 5000 556 5011 .
673 4976 712 5011 un
746 4974 859 5027 rnsrgne
878 4959 1082 5026 argumentum

442 5045 494 5100 pro
502 5027 629 5098 primatu
637 5028 747 5082 romani
755 5027 882 5099 episcopi
891 5031 936 5083 vel
943 5028 973 5081 in
985 5027 1081 5081 Orien.
1110 4999 1294 5076 Dl'sssssffl'ffim.
1316 4999 1407 5102 Initio
1417 4999 1539 5102 quidem
1548 4999 1679 5102 multum
1696 4999 1751 5100 mi·

442 5102 510 5151 “²¹12
1110 5093 1192 5148 ratus
1208 5093 1271 5148 erat
1287 5088 1424 5166 Orlgems
1439 5108 1603 5167 ingenium,
1620 5109 1681 5150 amo
1697 5090 1750 5148 alr-
