<?xml version="1.0" encoding="UTF-8"?>
<!DOCTYPE html PUBLIC "-//W3C//DTD XHTML 1.0 Transitional//EN"
    "http://www.w3.org/TR/xhtml1/DTD/xhtml1-transitional.dtd">
<html xmlns="http://www.w3.org/1999/xhtml" xml:lang="en" lang="en">
 <head>
  <title>
</title>
<meta http-equiv="Content-Type" content="text/html;charset=utf-8" />
  <meta name='ocr-system' content='tesseract 3.04.00' />
  <meta name='ocr-capabilities' content='ocr_page ocr_carea ocr_par ocr_line ocrx_word'/>
</head>
<body>
  <div class='ocr_page' id='page_1' title='image "./nomenclatorlite02hurtgoog/nomenclatorlite02hurtgoog_0205.png"; bbox 0 0 4117 5842; ppageno 0'>
   <div class='ocr_carea' id='block_1_1' title="bbox 317 548 1624 625">
    <p class='ocr_par' dir='ltr' id='par_1_1' title="bbox 317 548 1624 625">
     <span class='ocr_line' id='line_1_1' title="bbox 317 548 1624 625; baseline -0.02 0"><span class='ocrx_word' id='word_1_1' title='bbox 317 570 381 625; x_wconf 75' lang='grc'><strong>869</strong></span> <span class='ocrx_word' id='word_1_2' title='bbox 829 549 934 606; x_wconf 69' lang='lat' dir='ltr'><strong>sixtus</strong></span> <span class='ocrx_word' id='word_1_3' title='bbox 946 549 1005 615; x_wconf 71' lang='lat'><em>111..</em></span> <span class='ocrx_word' id='word_1_4' title='bbox 1018 550 1074 605; x_wconf 83' lang='lat' dir='ltr'><strong>Leo</strong></span> <span class='ocrx_word' id='word_1_5' title='bbox 1089 548 1125 605; x_wconf 82' lang='grc' dir='ltr'><strong>Μ.</strong></span> <span class='ocrx_word' id='word_1_6' title='bbox 1563 568 1624 625; x_wconf 73' lang='lat'><strong>370</strong></span> 
     </span>
    </p>
   </div>
   <div class='ocr_carea' id='block_1_2' title="bbox 313 738 1634 4474">
    <p class='ocr_par' dir='ltr' id='par_1_2' title="bbox 313 738 1634 4474">
     <span class='ocr_line' id='line_1_2' title="bbox 314 738 1628 815; baseline -0.001 -18"><span class='ocrx_word' id='word_1_7' title='bbox 314 757 383 799; x_wconf 82' lang='lat' dir='ltr'><strong>rare</strong></span> <span class='ocrx_word' id='word_1_8' title='bbox 392 757 507 808; x_wconf 88' lang='lat' dir='ltr'><strong>causae,</strong></span> <span class='ocrx_word' id='word_1_9' title='bbox 522 739 639 814; x_wconf 87' lang='lat' dir='ltr'><strong>primns</strong></span> <span class='ocrx_word' id='word_1_10' title='bbox 650 738 794 799; x_wconf 77' lang='lat' dir='ltr'><strong>aduersas</strong></span> <span class='ocrx_word' id='word_1_11' title='bbox 808 739 892 815; x_wconf 88' lang='lat' dir='ltr'><strong>ipsos</strong></span> <span class='ocrx_word' id='word_1_12' title='bbox 906 756 956 798; x_wconf 86' lang='lat' dir='ltr'><strong>co·</strong></span> <span class='ocrx_word' id='word_1_13' title='bbox 984 738 1163 799; x_wconf 83' lang='lat' dir='ltr'><strong>catholicum</strong></span> <span class='ocrx_word' id='word_1_14' title='bbox 1173 741 1228 810; x_wconf 89' lang='lat' dir='ltr'><strong>est,</strong></span> <span class='ocrx_word' id='word_1_15' title='bbox 1243 738 1327 799; x_wconf 82' lang='lat' dir='ltr'><strong>velut</strong></span> <span class='ocrx_word' id='word_1_16' title='bbox 1337 738 1464 797; x_wconf 87' lang='lat' dir='ltr'><strong>coeleste</strong></span> <span class='ocrx_word' id='word_1_17' title='bbox 1473 739 1628 801; x_wconf 85' lang='lat' dir='ltr'><strong>oraculum</strong></span> 
     </span>
     <span class='ocr_line' id='line_1_3' title="bbox 314 824 1627 909; baseline 0 -22"><span class='ocrx_word' id='word_1_18' title='bbox 314 846 379 887; x_wconf 78' lang='lat' dir='ltr'><strong>mm</strong></span> <span class='ocrx_word' id='word_1_19' title='bbox 401 826 642 903; x_wconf 85' lang='lat' dir='ltr'><strong>frequentissimo</strong></span> <span class='ocrx_word' id='word_1_20' title='bbox 667 828 779 903; x_wconf 91' lang='lat' dir='ltr'><strong>populo</strong></span> <span class='ocrx_word' id='word_1_21' title='bbox 800 828 958 888; x_wconf 84' lang='lat' dir='ltr'><strong>anathema</strong></span> <span class='ocrx_word' id='word_1_22' title='bbox 984 827 1120 897; x_wconf 84' lang='lat' dir='ltr'><strong>miratur,</strong></span> <span class='ocrx_word' id='word_1_23' title='bbox 1136 827 1274 897; x_wconf 75' lang='lat' dir='ltr'>celebrat,</span> <span class='ocrx_word' id='word_1_24' title='bbox 1299 824 1501 909; x_wconf 59' lang='lat' dir='ltr'><strong>veneratum),</strong></span> <span class='ocrx_word' id='word_1_25' title='bbox 1528 828 1627 887; x_wconf 88' lang='lat' dir='ltr'><strong>cathe-</strong></span> 
     </span>
     <span class='ocr_line' id='line_1_4' title="bbox 313 915 1627 993; baseline 0 -18"><span class='ocrx_word' id='word_1_26' title='bbox 313 917 531 993; x_wconf 79' lang='lat' dir='ltr'><strong>pronnneiavit</strong></span> <span class='ocrx_word' id='word_1_27' title='bbox 563 916 636 975; x_wconf 87' lang='lat' dir='ltr'><strong>Octo</strong></span> <span class='ocrx_word' id='word_1_28' title='bbox 657 920 776 976; x_wconf 86' lang='lat' dir='ltr'><strong>tanturn</strong></span> <span class='ocrx_word' id='word_1_29' title='bbox 798 918 863 993; x_wconf 83' lang='lat' dir='ltr'><strong>ejus</strong></span> <span class='ocrx_word' id='word_1_30' title='bbox 886 917 956 976; x_wconf 89' lang='lat' dir='ltr'><strong>reli·</strong></span> <span class='ocrx_word' id='word_1_31' title='bbox 983 916 1067 979; x_wconf 88' lang='lat' dir='ltr'><strong>dram</strong></span> <span class='ocrx_word' id='word_1_32' title='bbox 1084 916 1274 993; x_wconf 82' lang='lat' dir='ltr'><strong>apostolicam</strong></span> <span class='ocrx_word' id='word_1_33' title='bbox 1285 915 1469 977; x_wconf 87' lang='lat' dir='ltr'><strong>difficillimis</strong></span> <span class='ocrx_word' id='word_1_34' title='bbox 1485 918 1627 993; x_wconf 79' lang='lat' dir='ltr'><strong>temperi-</strong></span> 
     </span>
     <span class='ocr_line' id='line_1_5' title="bbox 315 1000 1627 1088; baseline -0.001 -23"><span class='ocrx_word' id='word_1_35' title='bbox 315 1024 392 1081; x_wconf 87' lang='lat' dir='ltr'><strong>qnae</strong></span> <span class='ocrx_word' id='word_1_36' title='bbox 417 1012 490 1065; x_wconf 88' lang='lat' dir='ltr'><strong>sant</strong></span> <span class='ocrx_word' id='word_1_37' title='bbox 514 1007 657 1081; x_wconf 77' lang='lat' dir='ltr'><strong>epistolae,</strong></span> <span class='ocrx_word' id='word_1_38' title='bbox 685 1025 814 1082; x_wconf 88' lang='lat' dir='ltr'><strong>quarum</strong></span> <span class='ocrx_word' id='word_1_39' title='bbox 837 1007 956 1081; x_wconf 86' lang='lat' dir='ltr'><strong>aliquae</strong></span> <span class='ocrx_word' id='word_1_40' title='bbox 983 1006 1042 1065; x_wconf 91' lang='lat' dir='ltr'><strong>bns</strong></span> <span class='ocrx_word' id='word_1_41' title='bbox 1058 1000 1273 1088; x_wconf 77' lang='lat' dir='ltr'><strong>(cao-461).</strong></span> <span class='ocrx_word' id='word_1_42' title='bbox 1298 1024 1365 1064; x_wconf 88' lang='lat' dir='ltr'><strong>oum</strong></span> <span class='ocrx_word' id='word_1_43' title='bbox 1388 1022 1449 1065; x_wconf 88' lang='lat' dir='ltr'><strong>non</strong></span> <span class='ocrx_word' id='word_1_44' title='bbox 1465 1006 1565 1067; x_wconf 87' lang='lat' dir='ltr'><strong>solum</strong></span> <span class='ocrx_word' id='word_1_45' title='bbox 1580 1024 1627 1065; x_wconf 89' lang='lat' dir='ltr'><strong>ro·</strong></span> 
     </span>
     <span class='ocr_line' id='line_1_6' title="bbox 314 1094 1627 1171; baseline 0.002 -18"><span class='ocrx_word' id='word_1_46' title='bbox 314 1095 447 1155; x_wconf 77' lang='lat' dir='ltr'><strong>Nestorii</strong></span> <span class='ocrx_word' id='word_1_47' title='bbox 463 1096 601 1171; x_wconf 86' lang='lat' dir='ltr'><strong>spect-ant</strong></span> <span class='ocrx_word' id='word_1_48' title='bbox 614 1112 744 1155; x_wconf 88' lang='lat' dir='ltr'><strong>causam.</strong></span> <span class='ocrx_word' id='word_1_49' title='bbox 766 1094 824 1154; x_wconf 82' lang='lat' dir='ltr'><strong>Eas</strong></span> <span class='ocrx_word' id='word_1_50' title='bbox 838 1100 957 1171; x_wconf 82' lang='lat' dir='ltr'><strong>preater</strong></span> <span class='ocrx_word' id='word_1_51' title='bbox 984 1100 1106 1160; x_wconf 83' lang='lat' dir='ltr'><strong>manum</strong></span> <span class='ocrx_word' id='word_1_52' title='bbox 1128 1094 1286 1171; x_wconf 89' lang='lat' dir='ltr'><strong>imperium</strong></span> <span class='ocrx_word' id='word_1_53' title='bbox 1309 1094 1503 1155; x_wconf 83' lang='lat' dir='ltr'><strong>barbarorum</strong></span> <span class='ocrx_word' id='word_1_54' title='bbox 1527 1096 1627 1156; x_wconf 87' lang='lat' dir='ltr'><strong>incur·</strong></span> 
     </span>
     <span class='ocr_line' id='line_1_7' title="bbox 314 1184 1628 1261; baseline 0.001 -18"><span class='ocrx_word' id='word_1_55' title='bbox 314 1184 388 1243; x_wconf 83' lang='lat' dir='ltr'><strong>alios</strong></span> <span class='ocrx_word' id='word_1_56' title='bbox 410 1184 552 1243; x_wconf 81' lang='lat' dir='ltr'><strong>exhibant</strong></span> <span class='ocrx_word' id='word_1_57' title='bbox 569 1184 761 1244; x_wconf 76' lang='lat' dir='ltr'><strong>Constant</strong></span> <span class='ocrx_word' id='word_1_58' title='bbox 782 1202 829 1261; x_wconf 93' lang='lat' dir='ltr'><strong>op.</strong></span> <span class='ocrx_word' id='word_1_59' title='bbox 851 1184 902 1243; x_wconf 87' lang='lat' dir='ltr'><strong>cit.</strong></span> <span class='ocrx_word' id='word_1_60' title='bbox 926 1204 957 1259; x_wconf 88' lang='lat' dir='ltr'><strong>p.</strong></span> <span class='ocrx_word' id='word_1_61' title='bbox 984 1184 1119 1245; x_wconf 89' lang='lat' dir='ltr'><strong>sionibus</strong></span> <span class='ocrx_word' id='word_1_62' title='bbox 1142 1184 1276 1260; x_wconf 87' lang='lat' dir='ltr'><strong>nudique</strong></span> <span class='ocrx_word' id='word_1_63' title='bbox 1299 1186 1497 1260; x_wconf 73' lang='lat' dir='ltr'><strong>quassaretur,</strong></span> <span class='ocrx_word' id='word_1_64' title='bbox 1523 1200 1628 1244; x_wconf 86' lang='lat' dir='ltr'><strong>varum</strong></span> 
     </span>
     <span class='ocr_line' id='line_1_8' title="bbox 321 1272 1628 1350; baseline -0.003 -15"><span class='ocrx_word' id='word_1_65' title='bbox 321 1273 745 1350; x_wconf 71' lang='lat' dir='ltr'><strong>1229-12723lligneb,</strong></span> <span class='ocrx_word' id='word_1_66' title='bbox 763 1278 956 1343; x_wconf 65' lang='lat' dir='ltr'><strong>srr—a‘sm</strong></span> <span class='ocrx_word' id='word_1_67' title='bbox 984 1273 1073 1333; x_wconf 87' lang='lat' dir='ltr'><strong>etiam</strong></span> <span class='ocrx_word' id='word_1_68' title='bbox 1109 1274 1174 1350; x_wconf 88' lang='lat' dir='ltr'><strong>ipsa</strong></span> <span class='ocrx_word' id='word_1_69' title='bbox 1203 1272 1345 1337; x_wconf 78' lang='lat' dir='ltr'><strong>Ecclesia</strong></span> <span class='ocrx_word' id='word_1_70' title='bbox 1366 1274 1469 1333; x_wconf 72' lang='lat' dir='ltr'><strong>‘omnis</strong></span> <span class='ocrx_word' id='word_1_71' title='bbox 1509 1274 1628 1350; x_wconf 84' lang='lat' dir='ltr'><strong>generis</strong></span> 
     </span>
     <span class='ocr_line' id='line_1_9' title="bbox 314 1362 1628 1439; baseline 0.001 -19"><span class='ocrx_word' id='word_1_72' title='bbox 314 1362 334 1420; x_wconf 88' lang='lat' dir='ltr'><strong>J</strong></span> <span class='ocrx_word' id='word_1_73' title='bbox 340 1362 420 1421; x_wconf 85' lang='lat' dir='ltr'><strong>affc&#39;</strong></span> <span class='ocrx_word' id='word_1_74' title='bbox 434 1363 458 1431; x_wconf 92' lang='lat'><strong>1,</strong></span> <span class='ocrx_word' id='word_1_75' title='bbox 484 1366 617 1425; x_wconf 79' lang='lat' dir='ltr'><strong>&#39;&#39;l-58.</strong></span> <span class='ocrx_word' id='word_1_76' title='bbox 634 1396 675 1405; x_wconf 95' lang='lat'>-</span> <span class='ocrx_word' id='word_1_77' title='bbox 693 1362 908 1424; x_wconf 78' lang='lat' dir='ltr'><strong>Garnerins</strong></span> <span class='ocrx_word' id='word_1_78' title='bbox 923 1362 956 1422; x_wconf 90' lang='lat' dir='ltr'><strong>in</strong></span> <span class='ocrx_word' id='word_1_79' title='bbox 984 1362 1201 1431; x_wconf 83' lang='lat' dir='ltr'><strong>baereticorum</strong></span> <span class='ocrx_word' id='word_1_80' title='bbox 1216 1362 1445 1439; x_wconf 79' lang='lat' dir='ltr'><strong>impugnaretur</strong></span> <span class='ocrx_word' id='word_1_81' title='bbox 1467 1362 1628 1421; x_wconf 88' lang='lat' dir='ltr'><strong>erroribus.</strong></span> 
     </span>
     <span class='ocr_line' id='line_1_10' title="bbox 315 1450 1628 1528; baseline 0.001 -18"><span class='ocrx_word' id='word_1_82' title='bbox 315 1470 369 1511; x_wconf 89' lang='lat' dir='ltr'><strong>sua</strong></span> <span class='ocrx_word' id='word_1_83' title='bbox 383 1452 431 1510; x_wconf 86' lang='lat' dir='ltr'><strong>ad.</strong></span> <span class='ocrx_word' id='word_1_84' title='bbox 447 1452 564 1528; x_wconf 79' lang='lat' dir='ltr'><strong>oppbl.</strong></span> <span class='ocrx_word' id='word_1_85' title='bbox 574 1451 746 1512; x_wconf 79' lang='lat' dir='ltr'><strong>Mercatoris</strong></span> <span class='ocrx_word' id='word_1_86' title='bbox 762 1452 784 1521; x_wconf 88' lang='lat' dir='ltr'><strong>I,</strong></span> <span class='ocrx_word' id='word_1_87' title='bbox 803 1461 954 1515; x_wconf 77' lang='lat'>362-65</span> <span class='ocrx_word' id='word_1_88' title='bbox 984 1451 1138 1528; x_wconf 81' lang='lat' dir='ltr'><strong>intrepide</strong></span> <span class='ocrx_word' id='word_1_89' title='bbox 1153 1452 1268 1523; x_wconf 87' lang='lat' dir='ltr'><strong>restitit</strong></span> <span class='ocrx_word' id='word_1_90' title='bbox 1283 1452 1356 1528; x_wconf 82' lang='lat' dir='ltr'><strong>ipsa,</strong></span> <span class='ocrx_word' id='word_1_91' title='bbox 1380 1455 1411 1510; x_wconf 88' lang='lat' dir='ltr'><strong>et</strong></span> <span class='ocrx_word' id='word_1_92' title='bbox 1433 1450 1628 1511; x_wconf 88' lang='lat' dir='ltr'><strong>barbarorum</strong></span> 
     </span>
     <span class='ocr_line' id='line_1_11' title="bbox 315 1540 1626 1617; baseline 0.001 -18"><span class='ocrx_word' id='word_1_93' title='bbox 315 1541 343 1599; x_wconf 88' lang='lat' dir='ltr'><strong>ai</strong></span> <span class='ocrx_word' id='word_1_94' title='bbox 364 1541 459 1599; x_wconf 88' lang='lat' dir='ltr'><strong>libros</strong></span> <span class='ocrx_word' id='word_1_95' title='bbox 480 1540 521 1601; x_wconf 82' lang='lat' dir='ltr'><strong>VI</strong></span> <span class='ocrx_word' id='word_1_96' title='bbox 543 1540 778 1617; x_wconf 78' lang='lat' dir='ltr'><strong>Hypopuoaticoa</strong></span> <span class='ocrx_word' id='word_1_97' title='bbox 801 1558 856 1600; x_wconf 88' lang='lat' dir='ltr'><strong>sau</strong></span> <span class='ocrx_word' id='word_1_98' title='bbox 880 1540 957 1599; x_wconf 87' lang='lat' dir='ltr'><strong>Sub·</strong></span> <span class='ocrx_word' id='word_1_99' title='bbox 985 1540 1105 1616; x_wconf 86' lang='lat' dir='ltr'><strong>quidem</strong></span> <span class='ocrx_word' id='word_1_100' title='bbox 1121 1541 1251 1601; x_wconf 87' lang='lat' dir='ltr'><strong>furorem</strong></span> <span class='ocrx_word' id='word_1_101' title='bbox 1260 1541 1429 1617; x_wconf 88' lang='lat' dir='ltr'><strong>prudentia,</strong></span> <span class='ocrx_word' id='word_1_102' title='bbox 1445 1541 1626 1616; x_wconf 88' lang='lat' dir='ltr'><strong>eloquentia,</strong></span> 
     </span>
     <span class='ocr_line' id='line_1_12' title="bbox 314 1625 1628 1709; baseline 0 -20"><span class='ocrx_word' id='word_1_103' title='bbox 314 1630 507 1689; x_wconf 67' lang='lat' dir='ltr'><strong>notationum</strong></span> <span class='ocrx_word' id='word_1_104' title='bbox 526 1625 572 1709; x_wconf 89' lang='lat' dir='ltr'><strong>(in</strong></span> <span class='ocrx_word' id='word_1_105' title='bbox 587 1648 653 1705; x_wconf 87' lang='lat' dir='ltr'><strong>app.</strong></span> <span class='ocrx_word' id='word_1_106' title='bbox 669 1648 737 1705; x_wconf 92' lang='lat' dir='ltr'><strong>opp.</strong></span> <span class='ocrx_word' id='word_1_107' title='bbox 753 1647 776 1691; x_wconf 89' lang='lat' dir='ltr'><strong>s.</strong></span> <span class='ocrx_word' id='word_1_108' title='bbox 791 1630 870 1705; x_wconf 81' lang='lat' dir='ltr'><strong>Aug.</strong></span> <span class='ocrx_word' id='word_1_109' title='bbox 884 1635 907 1692; x_wconf 82' lang='lat' dir='ltr'><strong>t</strong></span> <span class='ocrx_word' id='word_1_110' title='bbox 922 1629 956 1700; x_wconf 83' lang='lat' dir='ltr'><strong>X,</strong></span> <span class='ocrx_word' id='word_1_111' title='bbox 985 1630 1078 1689; x_wconf 89' lang='lat' dir='ltr'><strong>animi</strong></span> <span class='ocrx_word' id='word_1_112' title='bbox 1102 1630 1214 1689; x_wconf 82' lang='lat' dir='ltr'><strong>virtute</strong></span> <span class='ocrx_word' id='word_1_113' title='bbox 1239 1630 1414 1707; x_wconf 89' lang='lat' dir='ltr'><strong>compressit</strong></span> <span class='ocrx_word' id='word_1_114' title='bbox 1444 1630 1492 1689; x_wconf 82' lang='lat' dir='ltr'><strong>vel</strong></span> <span class='ocrx_word' id='word_1_115' title='bbox 1521 1630 1628 1693; x_wconf 87' lang='lat' dir='ltr'><strong>saltem</strong></span> 
     </span>
     <span class='ocr_line' id='line_1_13' title="bbox 314 1714 1626 1799; baseline 0.002 -22"><span class='ocrx_word' id='word_1_116' title='bbox 314 1719 444 1795; x_wconf 85' lang='lat' dir='ltr'><strong>lligne</strong></span> <span class='ocrx_word' id='word_1_117' title='bbox 467 1719 550 1788; x_wconf 81' lang='lat' dir='ltr'><strong>XLV,</strong></span> <span class='ocrx_word' id='word_1_118' title='bbox 581 1714 813 1799; x_wconf 75' lang='lat' dir='ltr'><strong>lull-1665)</strong></span> <span class='ocrx_word' id='word_1_119' title='bbox 827 1736 958 1779; x_wconf 87' lang='lat' dir='ltr'><strong>asserere</strong></span> <span class='ocrx_word' id='word_1_120' title='bbox 985 1718 1151 1794; x_wconf 79' lang='lat' dir='ltr'><strong>mitigavit:</strong></span> <span class='ocrx_word' id='word_1_121' title='bbox 1177 1720 1393 1779; x_wconf 85' lang='lat' dir='ltr'><strong>haereticorum</strong></span> <span class='ocrx_word' id='word_1_122' title='bbox 1417 1737 1486 1778; x_wconf 82' lang='lat' dir='ltr'><strong>vero</strong></span> <span class='ocrx_word' id='word_1_123' title='bbox 1511 1736 1626 1779; x_wconf 88' lang='lat' dir='ltr'><strong>errores</strong></span> 
     </span>
     <span class='ocr_line' id='line_1_14' title="bbox 315 1807 1628 1885; baseline 0 -18"><span class='ocrx_word' id='word_1_124' title='bbox 315 1808 436 1879; x_wconf 87' lang='lat' dir='ltr'><strong>nititur,</strong></span> <span class='ocrx_word' id='word_1_125' title='bbox 462 1808 515 1867; x_wconf 86' lang='lat' dir='ltr'><strong>aad</strong></span> <span class='ocrx_word' id='word_1_126' title='bbox 529 1808 682 1883; x_wconf 87' lang='lat' dir='ltr'><strong>plerisque</strong></span> <span class='ocrx_word' id='word_1_127' title='bbox 696 1808 764 1867; x_wconf 86' lang='lat' dir='ltr'><strong>aliia</strong></span> <span class='ocrx_word' id='word_1_128' title='bbox 779 1808 956 1885; x_wconf 86' lang='lat' dir='ltr'><strong>refraganti·</strong></span> <span class='ocrx_word' id='word_1_129' title='bbox 985 1809 1048 1867; x_wconf 83' lang='lat' dir='ltr'><strong>zelo</strong></span> <span class='ocrx_word' id='word_1_130' title='bbox 1058 1808 1221 1883; x_wconf 89' lang='lat' dir='ltr'><strong>apostolico</strong></span> <span class='ocrx_word' id='word_1_131' title='bbox 1231 1811 1321 1884; x_wconf 87' lang='lat' dir='ltr'><strong>atque</strong></span> <span class='ocrx_word' id='word_1_132' title='bbox 1330 1807 1512 1885; x_wconf 69' lang='lat' dir='ltr'><strong>infatigabili</strong></span> <span class='ocrx_word' id='word_1_133' title='bbox 1523 1808 1628 1869; x_wconf 87' lang='lat' dir='ltr'><strong>ardore</strong></span> 
     </span>
     <span class='ocr_line' id='line_1_15' title="bbox 315 1896 1627 1975; baseline 0.002 -22"><span class='ocrx_word' id='word_1_134' title='bbox 315 1897 382 1957; x_wconf 90' lang='lat' dir='ltr'><strong>bna.</strong></span> <span class='ocrx_word' id='word_1_135' title='bbox 420 1896 602 1957; x_wconf 84' lang='lat' dir='ltr'><strong>inscribitur</strong></span> <span class='ocrx_word' id='word_1_136' title='bbox 626 1896 704 1956; x_wconf 89' lang='lat' dir='ltr'><strong>illud</strong></span> <span class='ocrx_word' id='word_1_137' title='bbox 728 1915 804 1973; x_wconf 88' lang='lat' dir='ltr'><strong>opus</strong></span> <span class='ocrx_word' id='word_1_138' title='bbox 829 1897 867 1955; x_wconf 92' lang='lat' dir='ltr'><strong>ab</strong></span> <span class='ocrx_word' id='word_1_139' title='bbox 892 1897 958 1973; x_wconf 87' lang='lat' dir='ltr'><strong>ipso</strong></span> <span class='ocrx_word' id='word_1_140' title='bbox 986 1902 1017 1956; x_wconf 88' lang='lat' dir='ltr'><strong>at</strong></span> <span class='ocrx_word' id='word_1_141' title='bbox 1053 1898 1153 1957; x_wconf 88' lang='lat' dir='ltr'><strong>studio</strong></span> <span class='ocrx_word' id='word_1_142' title='bbox 1188 1898 1376 1975; x_wconf 74' lang='lat' dir='ltr'><strong>impugnavit</strong></span> <span class='ocrx_word' id='word_1_143' title='bbox 1406 1898 1627 1973; x_wconf 78' lang='lat' dir='ltr'><strong>damnavitqna.</strong></span> 
     </span>
     <span class='ocr_line' id='line_1_16' title="bbox 315 1980 1628 2070; baseline 0.001 -25"><span class='ocrx_word' id='word_1_144' title='bbox 315 1990 436 2046; x_wconf 86' lang='lat' dir='ltr'><strong>anctore</strong></span> <span class='ocrx_word' id='word_1_145' title='bbox 451 1990 483 2046; x_wconf 90' lang='lat' dir='ltr'><strong>et</strong></span> <span class='ocrx_word' id='word_1_146' title='bbox 497 2006 516 2045; x_wconf 92' lang='lat' dir='ltr'><strong>a</strong></span> <span class='ocrx_word' id='word_1_147' title='bbox 529 1986 682 2046; x_wconf 83' lang='lat' dir='ltr'><strong>veteribus</strong></span> <span class='ocrx_word' id='word_1_148' title='bbox 696 1987 787 2045; x_wconf 88' lang='lat' dir='ltr'><strong>etiam</strong></span> <span class='ocrx_word' id='word_1_149' title='bbox 803 1980 958 2070; x_wconf 78' lang='grc' dir='ltr'>Ὑπομνη·</span> <span class='ocrx_word' id='word_1_150' title='bbox 986 1987 1162 2063; x_wconf 73' lang='lat' dir='ltr'><strong>Hysterinm</strong></span> <span class='ocrx_word' id='word_1_151' title='bbox 1175 1991 1375 2047; x_wconf 72' lang='lat' dir='ltr'><strong>sacrosanctae</strong></span> <span class='ocrx_word' id='word_1_152' title='bbox 1386 1986 1541 2046; x_wconf 76' lang='lat' dir='ltr'><strong>Trinitatis</strong></span> <span class='ocrx_word' id='word_1_153' title='bbox 1558 1990 1628 2046; x_wconf 87' lang='lat' dir='ltr'><strong>con·</strong></span> 
     </span>
     <span class='ocr_line' id='line_1_17' title="bbox 316 2075 1628 2152; baseline -0.003 -15"><span class='ocrx_word' id='word_1_154' title='bbox 316 2080 415 2139; x_wconf 74' lang='grc' dir='ltr'><strong>στικόν</strong></span> <span class='ocrx_word' id='word_1_155' title='bbox 439 2075 528 2152; x_wconf 86' lang='lat' dir='ltr'><strong>qnasi</strong></span> <span class='ocrx_word' id='word_1_156' title='bbox 546 2075 802 2136; x_wconf 78' lang='lat' dir='ltr'><strong>Commonitorium</strong></span> <span class='ocrx_word' id='word_1_157' title='bbox 826 2093 881 2135; x_wconf 89' lang='lat' dir='ltr'><strong>aen</strong></span> <span class='ocrx_word' id='word_1_158' title='bbox 898 2076 958 2133; x_wconf 81' lang='lat' dir='ltr'><strong>lde·</strong></span> <span class='ocrx_word' id='word_1_159' title='bbox 985 2076 1398 2145; x_wconf 87' lang='lat' dir='ltr'><strong>traPriscillianistaa,</strong></span> <span class='ocrx_word' id='word_1_160' title='bbox 1415 2075 1628 2139; x_wconf 85' lang='lat' dir='ltr'><strong>incarnationis</strong></span> 
     </span>
     <span class='ocr_line' id='line_1_18' title="bbox 317 2164 1629 2240; baseline 0 -17"><span class='ocrx_word' id='word_1_161' title='bbox 317 2164 520 2236; x_wconf 85' lang='lat' dir='ltr'><strong>moratoriam,</strong></span> <span class='ocrx_word' id='word_1_162' title='bbox 544 2164 626 2240; x_wconf 90' lang='lat' dir='ltr'><strong>qnod</strong></span> <span class='ocrx_word' id='word_1_163' title='bbox 646 2166 778 2225; x_wconf 87' lang='lat' dir='ltr'><strong>auctoris</strong></span> <span class='ocrx_word' id='word_1_164' title='bbox 798 2164 960 2226; x_wconf 87' lang='lat' dir='ltr'><strong>consilinm</strong></span> <span class='ocrx_word' id='word_1_165' title='bbox 986 2164 1056 2223; x_wconf 84' lang='lat' dir='ltr'><strong>Filii</strong></span> <span class='ocrx_word' id='word_1_166' title='bbox 1065 2165 1117 2224; x_wconf 85' lang='lat' dir='ltr'><strong>Dei</strong></span> <span class='ocrx_word' id='word_1_167' title='bbox 1128 2167 1338 2225; x_wconf 87' lang='lat' dir='ltr'><strong>necessitatem</strong></span> <span class='ocrx_word' id='word_1_168' title='bbox 1347 2164 1478 2225; x_wconf 71' lang='lat' dir='ltr'><strong>contrad</strong></span> <span class='ocrx_word' id='word_1_169' title='bbox 1485 2165 1629 2235; x_wconf 86' lang='lat' dir='ltr'><strong>adaeus,</strong></span> 
     </span>
     <span class='ocr_line' id='line_1_19' title="bbox 316 2253 1628 2329; baseline 0.001 -17"><span class='ocrx_word' id='word_1_170' title='bbox 316 2254 398 2313; x_wconf 88' lang='lat' dir='ltr'><strong>istud</strong></span> <span class='ocrx_word' id='word_1_171' title='bbox 414 2254 508 2313; x_wconf 89' lang='lat' dir='ltr'><strong>fnisse</strong></span> <span class='ocrx_word' id='word_1_172' title='bbox 528 2253 674 2325; x_wconf 84' lang='lat' dir='ltr'><strong>videatur,</strong></span> <span class='ocrx_word' id='word_1_173' title='bbox 696 2258 734 2315; x_wconf 93' lang='lat' dir='ltr'><strong>nt</strong></span> <span class='ocrx_word' id='word_1_174' title='bbox 748 2256 894 2318; x_wconf 78' lang='lat' dir='ltr'><strong>Ecclesiae</strong></span> <span class='ocrx_word' id='word_1_175' title='bbox 909 2273 958 2315; x_wconf 88' lang='lat' dir='ltr'><strong>ca·</strong></span> <span class='ocrx_word' id='word_1_176' title='bbox 986 2254 1120 2329; x_wconf 86' lang='lat' dir='ltr'><strong>ejusdam</strong></span> <span class='ocrx_word' id='word_1_177' title='bbox 1142 2273 1209 2315; x_wconf 89' lang='lat' dir='ltr'><strong>cnm</strong></span> <span class='ocrx_word' id='word_1_178' title='bbox 1226 2256 1313 2313; x_wconf 89' lang='lat' dir='ltr'><strong>Patre</strong></span> <span class='ocrx_word' id='word_1_179' title='bbox 1335 2254 1628 2315; x_wconf 85' lang='lat' dir='ltr'><strong>consubstantialita-</strong></span> 
     </span>
     <span class='ocr_line' id='line_1_20' title="bbox 316 2343 1628 2421; baseline 0 -18"><span class='ocrx_word' id='word_1_180' title='bbox 316 2344 443 2403; x_wconf 88' lang='lat' dir='ltr'><strong>tbolicae</strong></span> <span class='ocrx_word' id='word_1_181' title='bbox 466 2347 572 2403; x_wconf 82' lang='lat' dir='ltr'><strong>eontra</strong></span> <span class='ocrx_word' id='word_1_182' title='bbox 593 2343 768 2421; x_wconf 79' lang='lat' dir='ltr'><strong>Pelagianos</strong></span> <span class='ocrx_word' id='word_1_183' title='bbox 792 2346 959 2407; x_wconf 87' lang='lat' dir='ltr'><strong>doctrinam</strong></span> <span class='ocrx_word' id='word_1_184' title='bbox 986 2346 1047 2402; x_wconf 90' lang='lat' dir='ltr'><strong>tem</strong></span> <span class='ocrx_word' id='word_1_185' title='bbox 1064 2345 1364 2413; x_wconf 73' lang='lat' dir='ltr'><strong>mamentianos,</strong></span> <span class='ocrx_word' id='word_1_186' title='bbox 1385 2348 1509 2402; x_wconf 86' lang='lat' dir='ltr'><strong>naturae</strong></span> <span class='ocrx_word' id='word_1_187' title='bbox 1525 2344 1628 2403; x_wconf 89' lang='lat' dir='ltr'><strong>hnma-</strong></span> 
     </span>
     <span class='ocr_line' id='line_1_21' title="bbox 316 2432 1628 2511; baseline -0.001 -21"><span class='ocrx_word' id='word_1_188' title='bbox 316 2433 475 2492; x_wconf 89' lang='lat' dir='ltr'><strong>memoriae</strong></span> <span class='ocrx_word' id='word_1_189' title='bbox 486 2432 637 2507; x_wconf 81' lang='lat' dir='ltr'><strong>juvandae</strong></span> <span class='ocrx_word' id='word_1_190' title='bbox 661 2452 758 2506; x_wconf 90' lang='lat' dir='ltr'><strong>cansa,</strong></span> <span class='ocrx_word' id='word_1_191' title='bbox 784 2436 958 2511; x_wconf 89' lang='lat' dir='ltr'><strong>compendio</strong></span> <span class='ocrx_word' id='word_1_192' title='bbox 986 2452 1041 2491; x_wconf 89' lang='lat' dir='ltr'><strong>nae</strong></span> <span class='ocrx_word' id='word_1_193' title='bbox 1064 2433 1278 2509; x_wconf 83' lang='lat' dir='ltr'><strong>proprietatem</strong></span> <span class='ocrx_word' id='word_1_194' title='bbox 1296 2446 1398 2492; x_wconf 83' lang='lat' dir='ltr'><strong>contra</strong></span> <span class='ocrx_word' id='word_1_195' title='bbox 1414 2432 1628 2509; x_wconf 77' lang='lat' dir='ltr'><strong>Eutychen,</strong></span> 
     </span>
     <span class='ocr_line' id='line_1_22' title="bbox 317 2520 1629 2601; baseline 0.001 -23"><span class='ocrx_word' id='word_1_196' title='bbox 317 2520 456 2581; x_wconf 85' lang='lat' dir='ltr'><strong>traderet.</strong></span> <span class='ocrx_word' id='word_1_197' title='bbox 487 2521 649 2599; x_wconf 85' lang='lat' dir='ltr'><strong>impugnat</strong></span> <span class='ocrx_word' id='word_1_198' title='bbox 663 2523 695 2582; x_wconf 90' lang='lat' dir='ltr'><strong>ll.</strong></span> <span class='ocrx_word' id='word_1_199' title='bbox 711 2523 737 2581; x_wconf 87' lang='lat' dir='ltr'>V</span> <span class='ocrx_word' id='word_1_200' title='bbox 755 2525 888 2601; x_wconf 86' lang='lat' dir='ltr'><strong>quinqua</strong></span> <span class='ocrx_word' id='word_1_201' title='bbox 904 2524 959 2583; x_wconf 89' lang='lat' dir='ltr'><strong>Pe·</strong></span> <span class='ocrx_word' id='word_1_202' title='bbox 987 2524 1090 2593; x_wconf 88' lang='lat' dir='ltr'><strong>contra</strong></span> <span class='ocrx_word' id='word_1_203' title='bbox 1105 2521 1337 2582; x_wconf 80' lang='lat' dir='ltr'><strong>Nestorium</strong></span> <span class='ocrx_word' id='word_1_204' title='bbox 1360 2540 1503 2599; x_wconf 87' lang='lat' dir='ltr'><strong>personae</strong></span> <span class='ocrx_word' id='word_1_205' title='bbox 1525 2521 1629 2598; x_wconf 89' lang='lat' dir='ltr'><strong>singn-</strong></span> 
     </span>
     <span class='ocr_line' id='line_1_23' title="bbox 318 2610 1628 2689; baseline 0 -20"><span class='ocrx_word' id='word_1_206' title='bbox 318 2611 505 2689; x_wconf 86' lang='lat' dir='ltr'><strong>lugianornm</strong></span> <span class='ocrx_word' id='word_1_207' title='bbox 521 2611 660 2689; x_wconf 84' lang='lat' dir='ltr'><strong>dogmata</strong></span> <span class='ocrx_word' id='word_1_208' title='bbox 675 2630 729 2671; x_wconf 89' lang='lat' dir='ltr'><strong>seu</strong></span> <span class='ocrx_word' id='word_1_209' title='bbox 744 2632 859 2677; x_wconf 85' lang='lat' dir='ltr'><strong>errores</strong></span> <span class='ocrx_word' id='word_1_210' title='bbox 879 2617 910 2673; x_wconf 93' lang='lat' dir='ltr'><strong>et</strong></span> <span class='ocrx_word' id='word_1_211' title='bbox 927 2614 960 2673; x_wconf 92' lang='lat' dir='ltr'><strong>in</strong></span> <span class='ocrx_word' id='word_1_212' title='bbox 987 2612 1144 2679; x_wconf 78' lang='lat' dir='ltr'><strong>latitatem,</strong></span> <span class='ocrx_word' id='word_1_213' title='bbox 1173 2610 1319 2671; x_wconf 77' lang='lat' dir='ltr'><strong>Ecclesiae</strong></span> <span class='ocrx_word' id='word_1_214' title='bbox 1339 2612 1410 2687; x_wconf 85' lang='lat' dir='ltr'><strong>jura</strong></span> <span class='ocrx_word' id='word_1_215' title='bbox 1433 2615 1522 2687; x_wconf 88' lang='lat' dir='ltr'><strong>utque</strong></span> <span class='ocrx_word' id='word_1_216' title='bbox 1545 2612 1628 2687; x_wconf 90' lang='lat' dir='ltr'><strong>pote·</strong></span> 
     </span>
     <span class='ocr_line' id='line_1_24' title="bbox 317 2699 1627 2775; baseline -0.002 -16"><span class='ocrx_word' id='word_1_217' title='bbox 317 2700 425 2761; x_wconf 88' lang='lat' dir='ltr'><strong>ultimo</strong></span> <span class='ocrx_word' id='word_1_218' title='bbox 457 2701 495 2758; x_wconf 90' lang='lat' dir='ltr'><strong>da</strong></span> <span class='ocrx_word' id='word_1_219' title='bbox 524 2699 795 2775; x_wconf 85' lang='lat' dir='ltr'><strong>praedestinatione</strong></span> <span class='ocrx_word' id='word_1_220' title='bbox 820 2704 959 2763; x_wconf 82' lang='lat' dir='ltr'><strong>adversus</strong></span> <span class='ocrx_word' id='word_1_221' title='bbox 986 2703 1095 2761; x_wconf 88' lang='lat' dir='ltr'><strong>statem</strong></span> <span class='ocrx_word' id='word_1_222' title='bbox 1111 2700 1479 2766; x_wconf 85' lang='lat' dir='ltr'><strong>contraNovatiunos,</strong></span> <span class='ocrx_word' id='word_1_223' title='bbox 1497 2700 1627 2775; x_wconf 88' lang='lat' dir='ltr'><strong>corporis</strong></span> 
     </span>
     <span class='ocr_line' id='line_1_25' title="bbox 316 2788 1631 2869; baseline -0.002 -22"><span class='ocrx_word' id='word_1_224' title='bbox 316 2789 435 2848; x_wconf 87' lang='lat' dir='ltr'><strong>eoadem</strong></span> <span class='ocrx_word' id='word_1_225' title='bbox 450 2788 595 2864; x_wconf 86' lang='lat' dir='ltr'><strong>disputat</strong></span> <span class='ocrx_word' id='word_1_226' title='bbox 626 2789 705 2848; x_wconf 88' lang='lat' dir='ltr'><strong>Olim</strong></span> <span class='ocrx_word' id='word_1_227' title='bbox 721 2791 778 2851; x_wconf 89' lang='lat' dir='ltr'><strong>sub</strong></span> <span class='ocrx_word' id='word_1_228' title='bbox 793 2792 958 2869; x_wconf 79' lang='lat' dir='ltr'><strong>Augustini</strong></span> <span class='ocrx_word' id='word_1_229' title='bbox 987 2790 1108 2865; x_wconf 87' lang='lat' dir='ltr'><strong>mystici</strong></span> <span class='ocrx_word' id='word_1_230' title='bbox 1119 2789 1383 2849; x_wconf 77' lang='lat' dir='ltr'><strong>christianitatem</strong></span> <span class='ocrx_word' id='word_1_231' title='bbox 1394 2793 1496 2847; x_wconf 89' lang='lat' dir='ltr'><strong>contra</strong></span> <span class='ocrx_word' id='word_1_232' title='bbox 1513 2790 1631 2846; x_wconf 87' lang='lat' dir='ltr'><strong>Dona·</strong></span> 
     </span>
     <span class='ocr_line' id='line_1_26' title="bbox 316 2878 1630 2955; baseline -0.002 -19"><span class='ocrx_word' id='word_1_233' title='bbox 316 2879 437 2939; x_wconf 87' lang='lat' dir='ltr'><strong>nornine</strong></span> <span class='ocrx_word' id='word_1_234' title='bbox 462 2878 523 2937; x_wconf 86' lang='lat' dir='ltr'><strong>fnit</strong></span> <span class='ocrx_word' id='word_1_235' title='bbox 547 2878 713 2955; x_wconf 82' lang='lat' dir='ltr'><strong>vnlgatnm,</strong></span> <span class='ocrx_word' id='word_1_236' title='bbox 746 2880 797 2939; x_wconf 92' lang='lat' dir='ltr'><strong>sed</strong></span> <span class='ocrx_word' id='word_1_237' title='bbox 823 2899 883 2940; x_wconf 92' lang='lat' dir='ltr'><strong>non</strong></span> <span class='ocrx_word' id='word_1_238' title='bbox 913 2884 959 2939; x_wconf 71' lang='lat' dir='ltr'><strong>eat</strong></span> <span class='ocrx_word' id='word_1_239' title='bbox 986 2878 1126 2955; x_wconf 83' lang='lat' dir='ltr'><strong>listas,</strong></span> <span class='ocrx_word' id='word_1_240' title='bbox 1157 2878 1270 2955; x_wconf 89' lang='lat' dir='ltr'><strong>gratiae</strong></span> <span class='ocrx_word' id='word_1_241' title='bbox 1295 2878 1502 2937; x_wconf 89' lang='lat' dir='ltr'><strong>necessitatem</strong></span> <span class='ocrx_word' id='word_1_242' title='bbox 1528 2881 1630 2936; x_wconf 88' lang='lat' dir='ltr'><strong>contra</strong></span> 
     </span>
     <span class='ocr_line' id='line_1_27' title="bbox 316 2966 1629 3045; baseline -0.002 -19"><span class='ocrx_word' id='word_1_243' title='bbox 316 2967 419 3045; x_wconf 88' lang='lat' dir='ltr'><strong>ipsius.</strong></span> <span class='ocrx_word' id='word_1_244' title='bbox 452 2968 546 3027; x_wconf 79' lang='lat' dir='ltr'><strong>Juxta</strong></span> <span class='ocrx_word' id='word_1_245' title='bbox 569 2968 643 3028; x_wconf 89' lang='lat' dir='ltr'><strong>alios</strong></span> <span class='ocrx_word' id='word_1_246' title='bbox 668 2973 715 3029; x_wconf 87' lang='lat' dir='ltr'><strong>est</strong></span> <span class='ocrx_word' id='word_1_247' title='bbox 740 2970 825 3029; x_wconf 79' lang='lat' dir='ltr'><strong>blasii</strong></span> <span class='ocrx_word' id='word_1_248' title='bbox 849 2972 958 3030; x_wconf 85' lang='lat' dir='ltr'><strong>lllerca·</strong></span> <span class='ocrx_word' id='word_1_249' title='bbox 987 2966 1629 3045; x_wconf 86' lang='lat' dir='ltr'><strong>Pelagianoseorumqueraliquias,my-</strong></span> 
     </span>
     <span class='ocr_line' id='line_1_28' title="bbox 315 3053 1629 3139; baseline -0.002 -22"><span class='ocrx_word' id='word_1_250' title='bbox 315 3058 390 3117; x_wconf 86' lang='lat' dir='ltr'><strong>toris</strong></span> <span class='ocrx_word' id='word_1_251' title='bbox 406 3053 457 3138; x_wconf 87' lang='lat' dir='ltr'><strong>(cf.</strong></span> <span class='ocrx_word' id='word_1_252' title='bbox 473 3074 566 3133; x_wconf 88' lang='lat' dir='ltr'><strong>snpra</strong></span> <span class='ocrx_word' id='word_1_253' title='bbox 579 3077 608 3134; x_wconf 91' lang='lat' dir='ltr'><strong>p.</strong></span> <span class='ocrx_word' id='word_1_254' title='bbox 626 3053 712 3139; x_wconf 83' lang='lat'>349).</span> <span class='ocrx_word' id='word_1_255' title='bbox 987 3057 1148 3117; x_wconf 84' lang='lat' dir='ltr'><strong>storiarum</strong></span> <span class='ocrx_word' id='word_1_256' title='bbox 1164 3057 1297 3119; x_wconf 88' lang='lat' dir='ltr'><strong>omnium</strong></span> <span class='ocrx_word' id='word_1_257' title='bbox 1313 3056 1479 3125; x_wconf 82' lang='lat' dir='ltr'><strong>veritatem,</strong></span> <span class='ocrx_word' id='word_1_258' title='bbox 1496 3054 1629 3131; x_wconf 90' lang='lat' dir='ltr'><strong>dignita·</strong></span> 
     </span>
     <span class='ocr_line' id='line_1_29' title="bbox 985 3144 1630 3217; baseline -0.006 -12"><span class='ocrx_word' id='word_1_259' title='bbox 985 3149 1056 3217; x_wconf 86' lang='lat' dir='ltr'><strong>tom,</strong></span> <span class='ocrx_word' id='word_1_260' title='bbox 1073 3146 1261 3205; x_wconf 86' lang='lat' dir='ltr'><strong>sanctitat-em</strong></span> <span class='ocrx_word' id='word_1_261' title='bbox 1277 3146 1378 3204; x_wconf 85' lang='lat' dir='ltr'><strong>contra</strong></span> <span class='ocrx_word' id='word_1_262' title='bbox 1393 3144 1630 3212; x_wconf 83' lang='lat' dir='ltr'><strong>Manichacos,</strong></span> 
     </span>
     <span class='ocr_line' id='line_1_30' title="bbox 360 3229 1630 3313; baseline -0.006 -15"><span class='ocrx_word' id='word_1_263' title='bbox 360 3244 435 3299; x_wconf 85' lang='grc'><strong>206.</strong></span> <span class='ocrx_word' id='word_1_264' title='bbox 452 3236 601 3297; x_wconf 85' lang='lat' dir='ltr'><strong>Defuncto</strong></span> <span class='ocrx_word' id='word_1_265' title='bbox 617 3236 700 3296; x_wconf 84' lang='lat' dir='ltr'><strong>Sixto</strong></span> <span class='ocrx_word' id='word_1_266' title='bbox 716 3235 769 3295; x_wconf 92' lang='lat' dir='ltr'><strong>III.</strong></span> <span class='ocrx_word' id='word_1_267' title='bbox 785 3238 897 3295; x_wconf 80' lang='lat' dir='ltr'><strong>electus</strong></span> <span class='ocrx_word' id='word_1_268' title='bbox 912 3239 958 3295; x_wconf 88' lang='lat' dir='ltr'><strong>eat</strong></span> <span class='ocrx_word' id='word_1_269' title='bbox 986 3235 1135 3295; x_wconf 88' lang='lat' dir='ltr'><strong>sincerum</strong></span> <span class='ocrx_word' id='word_1_270' title='bbox 1145 3235 1299 3313; x_wconf 87' lang='lat' dir='ltr'><strong>religionis</strong></span> <span class='ocrx_word' id='word_1_271' title='bbox 1310 3229 1425 3301; x_wconf 81' lang='lat' dir='ltr'><strong>cultum</strong></span> <span class='ocrx_word' id='word_1_272' title='bbox 1441 3235 1545 3291; x_wconf 87' lang='lat' dir='ltr'><strong>contra</strong></span> <span class='ocrx_word' id='word_1_273' title='bbox 1562 3233 1630 3291; x_wconf 89' lang='lat' dir='ltr'><strong>im-</strong></span> 
     </span>
     <span class='ocr_line' id='line_1_31' title="bbox 317 3321 1631 3403; baseline -0.003 -20"><span class='ocrx_word' id='word_1_274' title='bbox 317 3344 342 3383; x_wconf 61' lang='lat' dir='ltr'><strong>a,</strong></span> <span class='ocrx_word' id='word_1_275' title='bbox 354 3336 418 3388; x_wconf 79' lang='lat'><strong>440</strong></span> <span class='ocrx_word' id='word_1_276' title='bbox 435 3325 512 3384; x_wconf 90' lang='lat' dir='ltr'><strong>miro</strong></span> <span class='ocrx_word' id='word_1_277' title='bbox 528 3326 632 3402; x_wconf 89' lang='lat' dir='ltr'><strong>populi</strong></span> <span class='ocrx_word' id='word_1_278' title='bbox 643 3327 757 3385; x_wconf 90' lang='lat' dir='ltr'><strong>romani</strong></span> <span class='ocrx_word' id='word_1_279' title='bbox 767 3344 913 3387; x_wconf 87' lang='lat' dir='ltr'><strong>consensn</strong></span> <span class='ocrx_word' id='word_1_280' title='bbox 926 3324 959 3385; x_wconf 91' lang='lat' dir='ltr'><strong>in</strong></span> <span class='ocrx_word' id='word_1_281' title='bbox 988 3324 1073 3401; x_wconf 92' lang='lat' dir='ltr'><strong>pios</strong></span> <span class='ocrx_word' id='word_1_282' title='bbox 1112 3328 1142 3383; x_wconf 91' lang='lat' dir='ltr'><strong>et</strong></span> <span class='ocrx_word' id='word_1_283' title='bbox 1180 3322 1473 3403; x_wconf 78' lang='lat' dir='ltr'><strong>pseudochristianos</strong></span> <span class='ocrx_word' id='word_1_284' title='bbox 1509 3321 1631 3381; x_wconf 89' lang='lat' dir='ltr'><strong>coelesti</strong></span> 
     </span>
     <span class='ocr_line' id='line_1_32' title="bbox 315 3411 1631 3490; baseline -0.005 -17"><span class='ocrx_word' id='word_1_285' title='bbox 315 3416 379 3489; x_wconf 84' lang='lat' dir='ltr'><strong>ejus</strong></span> <span class='ocrx_word' id='word_1_286' title='bbox 401 3432 603 3475; x_wconf 86' lang='lat' dir='ltr'><strong>successorem</strong></span> <span class='ocrx_word' id='word_1_287' title='bbox 627 3416 699 3473; x_wconf 85' lang='lat' dir='ltr'><strong>Leo</strong></span> <span class='ocrx_word' id='word_1_288' title='bbox 722 3432 881 3484; x_wconf 78' lang='lat' dir='ltr'><strong>,romaum</strong></span> <span class='ocrx_word' id='word_1_289' title='bbox 904 3414 958 3473; x_wconf 80' lang='lat' dir='ltr'><strong>Ee·</strong></span> <span class='ocrx_word' id='word_1_290' title='bbox 987 3413 1129 3484; x_wconf 88' lang='lat' dir='ltr'><strong>doctrina,</strong></span> <span class='ocrx_word' id='word_1_291' title='bbox 1139 3414 1251 3490; x_wconf 87' lang='lat' dir='ltr'><strong>pietate</strong></span> <span class='ocrx_word' id='word_1_292' title='bbox 1262 3413 1417 3490; x_wconf 86' lang='lat' dir='ltr'><strong>singulari,</strong></span> <span class='ocrx_word' id='word_1_293' title='bbox 1435 3411 1549 3472; x_wconf 85' lang='lat' dir='ltr'><strong>invicto</strong></span> <span class='ocrx_word' id='word_1_294' title='bbox 1566 3411 1631 3469; x_wconf 88' lang='lat' dir='ltr'><strong>ani-</strong></span> 
     </span>
     <span class='ocr_line' id='line_1_33' title="bbox 316 3500 1632 3583; baseline -0.002 -22"><span class='ocrx_word' id='word_1_295' title='bbox 316 3503 423 3563; x_wconf 89' lang='lat' dir='ltr'><strong>clesiaa</strong></span> <span class='ocrx_word' id='word_1_296' title='bbox 438 3523 473 3563; x_wconf 89' lang='lat' dir='ltr'><strong>ac</strong></span> <span class='ocrx_word' id='word_1_297' title='bbox 488 3502 584 3564; x_wconf 77' lang='lat' dir='ltr'><strong>divini</strong></span> <span class='ocrx_word' id='word_1_298' title='bbox 594 3503 756 3563; x_wconf 89' lang='lat' dir='ltr'><strong>ministerii</strong></span> <span class='ocrx_word' id='word_1_299' title='bbox 766 3504 856 3564; x_wconf 85' lang='lat' dir='ltr'><strong>decus</strong></span> <span class='ocrx_word' id='word_1_300' title='bbox 866 3504 959 3583; x_wconf 75' lang='lat' dir='ltr'><strong>(Cas</strong></span> <span class='ocrx_word' id='word_1_301' title='bbox 987 3521 1044 3571; x_wconf 91' lang='lat' dir='ltr'><strong>mo,</strong></span> <span class='ocrx_word' id='word_1_302' title='bbox 1062 3505 1204 3579; x_wconf 87' lang='lat' dir='ltr'><strong>exemplo,</strong></span> <span class='ocrx_word' id='word_1_303' title='bbox 1222 3501 1408 3561; x_wconf 86' lang='lat' dir='ltr'><strong>sermonibus</strong></span> <span class='ocrx_word' id='word_1_304' title='bbox 1423 3504 1455 3559; x_wconf 92' lang='lat' dir='ltr'><strong>et</strong></span> <span class='ocrx_word' id='word_1_305' title='bbox 1465 3500 1584 3577; x_wconf 87' lang='lat' dir='ltr'><strong>scriptis</strong></span> <span class='ocrx_word' id='word_1_306' title='bbox 1596 3518 1632 3558; x_wconf 87' lang='lat' dir='ltr'><strong>cx</strong></span> 
     </span>
     <span class='ocr_line' id='line_1_34' title="bbox 316 3588 1631 3675; baseline -0.002 -25"><span class='ocrx_word' id='word_1_307' title='bbox 316 3592 456 3652; x_wconf 90' lang='lat' dir='ltr'><strong>sianns</strong></span> <span class='ocrx_word' id='word_1_308' title='bbox 487 3594 520 3653; x_wconf 90' lang='lat' dir='ltr'><strong>in</strong></span> <span class='ocrx_word' id='word_1_309' title='bbox 551 3593 641 3670; x_wconf 85' lang='lat' dir='ltr'><strong>praef.</strong></span> <span class='ocrx_word' id='word_1_310' title='bbox 669 3612 715 3670; x_wconf 88' lang='lat' dir='ltr'><strong>op.</strong></span> <span class='ocrx_word' id='word_1_311' title='bbox 742 3594 777 3653; x_wconf 90' lang='lat' dir='ltr'><strong>da</strong></span> <span class='ocrx_word' id='word_1_312' title='bbox 801 3589 957 3675; x_wconf 76' lang='lat' dir='ltr'><strong>incarn.)‘,</strong></span> <span class='ocrx_word' id='word_1_313' title='bbox 988 3592 1054 3669; x_wconf 90' lang='lat' dir='ltr'><strong>ipso</strong></span> <span class='ocrx_word' id='word_1_314' title='bbox 1074 3592 1277 3667; x_wconf 90' lang='lat' dir='ltr'><strong>apostolorum</strong></span> <span class='ocrx_word' id='word_1_315' title='bbox 1293 3592 1379 3651; x_wconf 87' lang='lat' dir='ltr'><strong>corde</strong></span> <span class='ocrx_word' id='word_1_316' title='bbox 1395 3589 1520 3667; x_wconf 88' lang='lat' dir='ltr'><strong>prolatis</strong></span> <span class='ocrx_word' id='word_1_317' title='bbox 1537 3588 1631 3665; x_wconf 82' lang='lat' dir='ltr'><strong>expli·</strong></span> 
     </span>
     <span class='ocr_line' id='line_1_35' title="bbox 317 3676 1632 3763; baseline -0.002 -23"><span class='ocrx_word' id='word_1_318' title='bbox 317 3681 552 3753; x_wconf 85' lang='lat' dir='ltr'><strong>archidiaconns,</strong></span> <span class='ocrx_word' id='word_1_319' title='bbox 577 3682 631 3759; x_wconf 89' lang='lat' dir='ltr'><strong>qni</strong></span> <span class='ocrx_word' id='word_1_320' title='bbox 643 3684 707 3759; x_wconf 87' lang='lat' dir='ltr'><strong>jam</strong></span> <span class='ocrx_word' id='word_1_321' title='bbox 722 3702 741 3742; x_wconf 92' lang='lat' dir='ltr'><strong>a</strong></span> <span class='ocrx_word' id='word_1_322' title='bbox 756 3683 921 3743; x_wconf 81' lang='lat' dir='ltr'><strong>Goelestino</strong></span> <span class='ocrx_word' id='word_1_323' title='bbox 936 3682 958 3746; x_wconf 88' lang='lat' dir='ltr'><strong>I.</strong></span> <span class='ocrx_word' id='word_1_324' title='bbox 988 3680 1060 3751; x_wconf 90' lang='lat' dir='ltr'><strong>cuit,</strong></span> <span class='ocrx_word' id='word_1_325' title='bbox 1081 3681 1217 3751; x_wconf 88' lang='lat' dir='ltr'><strong>asseruit,</strong></span> <span class='ocrx_word' id='word_1_326' title='bbox 1242 3676 1485 3763; x_wconf 68' lang='lat' dir='ltr'><strong>propugnavitl).</strong></span> <span class='ocrx_word' id='word_1_327' title='bbox 1517 3678 1561 3739; x_wconf 90' lang='lat' dir='ltr'><strong>Ob</strong></span> <span class='ocrx_word' id='word_1_328' title='bbox 1585 3682 1632 3738; x_wconf 88' lang='lat' dir='ltr'><strong>tot</strong></span> 
     </span>
     <span class='ocr_line' id='line_1_36' title="bbox 316 3768 1632 3849; baseline -0.005 -18"><span class='ocrx_word' id='word_1_329' title='bbox 316 3773 346 3831; x_wconf 86' lang='lat' dir='ltr'><strong>et</strong></span> <span class='ocrx_word' id='word_1_330' title='bbox 361 3770 446 3831; x_wconf 81' lang='lat' dir='ltr'><strong>Sixto</strong></span> <span class='ocrx_word' id='word_1_331' title='bbox 458 3772 511 3831; x_wconf 85' lang='lat' dir='ltr'><strong>[IL</strong></span> <span class='ocrx_word' id='word_1_332' title='bbox 527 3770 681 3831; x_wconf 89' lang='lat' dir='ltr'><strong>adhibitus</strong></span> <span class='ocrx_word' id='word_1_333' title='bbox 697 3772 757 3831; x_wconf 87' lang='lat' dir='ltr'><strong>fnit</strong></span> <span class='ocrx_word' id='word_1_334' title='bbox 772 3772 804 3830; x_wconf 87' lang='lat' dir='ltr'><strong>iu</strong></span> <span class='ocrx_word' id='word_1_335' title='bbox 820 3770 958 3849; x_wconf 86' lang='lat' dir='ltr'><strong>gerendis</strong></span> <span class='ocrx_word' id='word_1_336' title='bbox 987 3771 1131 3845; x_wconf 85' lang='lat' dir='ltr'><strong>tantaque</strong></span> <span class='ocrx_word' id='word_1_337' title='bbox 1147 3770 1253 3829; x_wconf 88' lang='lat' dir='ltr'><strong>merita</strong></span> <span class='ocrx_word' id='word_1_338' title='bbox 1267 3768 1432 3845; x_wconf 87' lang='lat' dir='ltr'><strong>antiquitas</strong></span> <span class='ocrx_word' id='word_1_339' title='bbox 1455 3771 1540 3846; x_wconf 88' lang='lat' dir='ltr'><strong>grata</strong></span> <span class='ocrx_word' id='word_1_340' title='bbox 1563 3786 1632 3826; x_wconf 89' lang='lat' dir='ltr'><strong>enm</strong></span> 
     </span>
     <span class='ocr_line' id='line_1_37' title="bbox 316 3856 1633 3937; baseline -0.002 -20"><span class='ocrx_word' id='word_1_341' title='bbox 316 3862 446 3937; x_wconf 89' lang='lat' dir='ltr'><strong>negotiis</strong></span> <span class='ocrx_word' id='word_1_342' title='bbox 460 3859 677 3932; x_wconf 86' lang='lat' dir='ltr'><strong>ecclesiasticis,</strong></span> <span class='ocrx_word' id='word_1_343' title='bbox 705 3866 736 3920; x_wconf 92' lang='lat' dir='ltr'><strong>et</strong></span> <span class='ocrx_word' id='word_1_344' title='bbox 757 3864 831 3920; x_wconf 88' lang='lat' dir='ltr'><strong>tunc</strong></span> <span class='ocrx_word' id='word_1_345' title='bbox 853 3862 959 3919; x_wconf 86' lang='lat' dir='ltr'><strong>absens</strong></span> <span class='ocrx_word' id='word_1_346' title='bbox 989 3859 1108 3935; x_wconf 83' lang='lat' dir='ltr'><strong>,Magni‘</strong></span> <span class='ocrx_word' id='word_1_347' title='bbox 1139 3858 1268 3927; x_wconf 90' lang='lat' dir='ltr'><strong>nomine,</strong></span> <span class='ocrx_word' id='word_1_348' title='bbox 1295 3860 1326 3918; x_wconf 89' lang='lat' dir='ltr'><strong>et</strong></span> <span class='ocrx_word' id='word_1_349' title='bbox 1355 3858 1535 3917; x_wconf 90' lang='lat' dir='ltr'><strong>Benedictus</strong></span> <span class='ocrx_word' id='word_1_350' title='bbox 1568 3856 1633 3915; x_wconf 83' lang='lat' dir='ltr'><strong>XIV</strong></span> 
     </span>
     <span class='ocr_line' id='line_1_38' title="bbox 317 3942 1632 4028; baseline -0.002 -22"><span class='ocrx_word' id='word_1_351' title='bbox 317 3949 349 4007; x_wconf 91' lang='lat' dir='ltr'><strong>in</strong></span> <span class='ocrx_word' id='word_1_352' title='bbox 360 3949 466 4010; x_wconf 82' lang='lat' dir='ltr'><strong>Galliis</strong></span> <span class='ocrx_word' id='word_1_353' title='bbox 476 3950 599 4026; x_wconf 88' lang='lat' dir='ltr'><strong>politica</strong></span> <span class='ocrx_word' id='word_1_354' title='bbox 614 3950 742 4028; x_wconf 89' lang='lat' dir='ltr'><strong>fungens</strong></span> <span class='ocrx_word' id='word_1_355' title='bbox 753 3950 893 4010; x_wconf 84' lang='lat' dir='ltr'><strong>missione</strong></span> <span class='ocrx_word' id='word_1_356' title='bbox 909 3949 959 4008; x_wconf 90' lang='lat' dir='ltr'><strong>de·</strong></span> <span class='ocrx_word' id='word_1_357' title='bbox 988 3948 1115 4007; x_wconf 89' lang='lat' dir='ltr'><strong>doctoris</strong></span> <span class='ocrx_word' id='word_1_358' title='bbox 1135 3947 1267 4007; x_wconf 89' lang='lat' dir='ltr'><strong>encomio</strong></span> <span class='ocrx_word' id='word_1_359' title='bbox 1283 3946 1444 4011; x_wconf 80' lang='lat' dir='ltr'><strong>decoravit.</strong></span> <span class='ocrx_word' id='word_1_360' title='bbox 1475 3942 1588 4028; x_wconf 69' lang='lat' dir='ltr'><strong>Obiitl)</strong></span> <span class='ocrx_word' id='word_1_361' title='bbox 1610 3964 1632 4004; x_wconf 92' lang='lat' dir='ltr'><strong>s.</strong></span> 
     </span>
     <span class='ocr_line' id='line_1_39' title="bbox 316 4036 1377 4117; baseline -0.002 -20"><span class='ocrx_word' id='word_1_362' title='bbox 316 4039 414 4114; x_wconf 89' lang='lat' dir='ltr'><strong>gebat.</strong></span> <span class='ocrx_word' id='word_1_363' title='bbox 447 4038 579 4100; x_wconf 85' lang='lat' dir='ltr'><strong>Solemni</strong></span> <span class='ocrx_word' id='word_1_364' title='bbox 597 4040 709 4099; x_wconf 89' lang='lat' dir='ltr'><strong>accitns</strong></span> <span class='ocrx_word' id='word_1_365' title='bbox 726 4040 874 4117; x_wconf 87' lang='lat' dir='ltr'><strong>legatione</strong></span> <span class='ocrx_word' id='word_1_366' title='bbox 890 4056 958 4099; x_wconf 88' lang='lat' dir='ltr'><strong>con·</strong></span> <span class='ocrx_word' id='word_1_367' title='bbox 989 4036 1125 4096; x_wconf 86' lang='lat' dir='ltr'><strong>Pontifex</strong></span> <span class='ocrx_word' id='word_1_368' title='bbox 1148 4048 1195 4099; x_wconf 86' lang='lat'><strong>10.</strong></span> <span class='ocrx_word' id='word_1_369' title='bbox 1211 4037 1286 4100; x_wconf 85' lang='lat' dir='ltr'><strong>Nov.</strong></span> <span class='ocrx_word' id='word_1_370' title='bbox 1304 4046 1377 4101; x_wconf 80' lang='lat'>461.</span> 
     </span>
     <span class='ocr_line' id='line_1_40' title="bbox 316 4128 960 4205; baseline 0 -18"><span class='ocrx_word' id='word_1_371' title='bbox 316 4131 449 4187; x_wconf 86' lang='lat' dir='ltr'><strong>sacratus</strong></span> <span class='ocrx_word' id='word_1_372' title='bbox 473 4131 521 4187; x_wconf 89' lang='lat' dir='ltr'><strong>est</strong></span> <span class='ocrx_word' id='word_1_373' title='bbox 551 4128 585 4188; x_wconf 90' lang='lat' dir='ltr'><strong>in</strong></span> <span class='ocrx_word' id='word_1_374' title='bbox 608 4128 778 4205; x_wconf 88' lang='lat' dir='ltr'><strong>pontificem</strong></span> <span class='ocrx_word' id='word_1_375' title='bbox 804 4138 854 4191; x_wconf 82' lang='lat'><strong>29.</strong></span> <span class='ocrx_word' id='word_1_376' title='bbox 880 4129 960 4204; x_wconf 84' lang='lat' dir='ltr'><strong>Sept.</strong></span> 
     </span>
     <span class='ocr_line' id='line_1_41' title="bbox 317 4216 1633 4331; baseline -0.008 -13"><span class='ocrx_word' id='word_1_377' title='bbox 317 4216 453 4291; x_wconf 57' lang='lat' dir='ltr'><strong>ojmdom</strong></span> <span class='ocrx_word' id='word_1_378' title='bbox 468 4217 548 4318; x_wconf 55' lang='lat' dir='ltr'><strong>&#39;nini&#39;</strong></span> <span class='ocrx_word' id='word_1_379' title='bbox 581 4217 634 4319; x_wconf 48' lang='lat' dir='ltr'><strong>vif</strong></span> <span class='ocrx_word' id='word_1_380' title='bbox 655 4223 720 4277; x_wconf 60' lang='lat' dir='ltr'><strong>emt</strong></span> <span class='ocrx_word' id='word_1_381' title='bbox 734 4238 802 4320; x_wconf 51' lang='lat' dir='ltr'><strong>vire</strong></span> <span class='ocrx_word' id='word_1_382' title='bbox 817 4217 959 4294; x_wconf 61' lang='lat' dir='ltr'><strong>apoetoli&#39;</strong></span> <span class='ocrx_word' id='word_1_383' title='bbox 1026 4264 1046 4331; x_wconf 88' lang='lat'><strong>¹)</strong></span> <span class='ocrx_word' id='word_1_384' title='bbox 1061 4259 1179 4313; x_wconf 83' lang='lat' dir='ltr'><strong>Pratum</strong></span> <span class='ocrx_word' id='word_1_385' title='bbox 1203 4258 1296 4329; x_wconf 89' lang='lat' dir='ltr'><strong>spirit.</strong></span> <span class='ocrx_word' id='word_1_386' title='bbox 1317 4276 1339 4313; x_wconf 88' lang='lat' dir='ltr'><strong>c.</strong></span> <span class='ocrx_word' id='word_1_387' title='bbox 1356 4265 1415 4315; x_wconf 71' lang='lat'><strong>149.</strong></span> <span class='ocrx_word' id='word_1_388' title='bbox 1442 4256 1633 4327; x_wconf 74' lang='lat' dir='ltr'><strong>Singularitas</strong></span> 
     </span>
     <span class='ocr_line' id='line_1_42' title="bbox 317 4306 1634 4407; baseline 0.014 -44"><span class='ocrx_word' id='word_1_389' title='bbox 317 4306 688 4407; x_wconf 73' lang='lat' dir='ltr'><strong>cra,1leolas1aalummar,</strong></span> <span class='ocrx_word' id='word_1_390' title='bbox 702 4306 772 4367; x_wconf 81' lang='lat' dir='ltr'><strong>fidat</strong></span> <span class='ocrx_word' id='word_1_391' title='bbox 782 4306 961 4367; x_wconf 66' lang='lat' dir='ltr'><strong>orih0d0¹⁸0</strong></span> <span class='ocrx_word' id='word_1_392' title='bbox 988 4330 1132 4395; x_wconf 82' lang='lat' dir='ltr'><strong>nonnihil,</strong></span> <span class='ocrx_word' id='word_1_393' title='bbox 1145 4331 1193 4385; x_wconf 85' lang='lat' dir='ltr'><strong>aad</strong></span> <span class='ocrx_word' id='word_1_394' title='bbox 1210 4348 1265 4385; x_wconf 73' lang='lat' dir='ltr'><strong>tion</strong></span> <span class='ocrx_word' id='word_1_395' title='bbox 1277 4330 1375 4401; x_wconf 88' lang='lat' dir='ltr'><strong>inepte</strong></span> <span class='ocrx_word' id='word_1_396' title='bbox 1389 4329 1423 4381; x_wconf 84' lang='lat' dir='ltr'><strong>de</strong></span> <span class='ocrx_word' id='word_1_397' title='bbox 1437 4346 1469 4383; x_wconf 86' lang='lat' dir='ltr'><strong>eo</strong></span> <span class='ocrx_word' id='word_1_398' title='bbox 1481 4329 1522 4382; x_wconf 86' lang='lat' dir='ltr'><strong>ita</strong></span> <span class='ocrx_word' id='word_1_399' title='bbox 1533 4327 1634 4382; x_wconf 87' lang='lat' dir='ltr'><strong>scribit</strong></span> 
     </span>
     <span class='ocr_line' id='line_1_43' title="bbox 318 4394 1632 4474; baseline -0.003 -21"><span class='ocrx_word' id='word_1_400' title='bbox 318 4394 464 4467; x_wconf 87' lang='lat' dir='ltr'><strong>columna,</strong></span> <span class='ocrx_word' id='word_1_401' title='bbox 482 4414 564 4454; x_wconf 80' lang='lat' dir='ltr'><strong>vocas</strong></span> <span class='ocrx_word' id='word_1_402' title='bbox 575 4396 656 4457; x_wconf 88' lang='lat' dir='ltr'><strong>Petri</strong></span> <span class='ocrx_word' id='word_1_403' title='bbox 671 4397 826 4473; x_wconf 88' lang='lat' dir='ltr'><strong>interpres,</strong></span> <span class='ocrx_word' id='word_1_404' title='bbox 842 4400 960 4474; x_wconf 89' lang='lat' dir='ltr'><strong>aposto·</strong></span> <span class='ocrx_word' id='word_1_405' title='bbox 989 4402 1228 4457; x_wconf 82' lang='lat' dir='ltr'><strong>Trithsmins</strong></span> <span class='ocrx_word' id='word_1_406' title='bbox 1248 4402 1283 4455; x_wconf 87' lang='lat' dir='ltr'><strong>de</strong></span> <span class='ocrx_word' id='word_1_407' title='bbox 1304 4402 1400 4471; x_wconf 84' lang='lat' dir='ltr'><strong>script.</strong></span> <span class='ocrx_word' id='word_1_408' title='bbox 1414 4399 1512 4455; x_wconf 85' lang='lat' dir='ltr'><strong>eccles.</strong></span> <span class='ocrx_word' id='word_1_409' title='bbox 1527 4416 1549 4451; x_wconf 89' lang='lat' dir='ltr'><strong>c.</strong></span> <span class='ocrx_word' id='word_1_410' title='bbox 1568 4406 1632 4454; x_wconf 85' lang='lat'>158:</span> 
     </span>
    </p>
   </div>
   <div class='ocr_carea' id='block_1_3' title="bbox 318 4468 1632 4562">
    <p class='ocr_par' dir='ltr' id='par_1_3' title="bbox 318 4468 1632 4562">
     <span class='ocr_line' id='line_1_44' title="bbox 318 4468 1632 4562; baseline -0.014 -22"><span class='ocrx_word' id='word_1_411' title='bbox 318 4483 445 4547; x_wconf 81' lang='lat' dir='ltr'><strong>licomm</strong></span> <span class='ocrx_word' id='word_1_412' title='bbox 460 4484 636 4562; x_wconf 73' lang='lat' dir='ltr'><strong>dogmatum</strong></span> <span class='ocrx_word' id='word_1_413' title='bbox 650 4485 797 4556; x_wconf 63' lang='lat' dir='ltr'><strong>defensor,</strong></span> <span class='ocrx_word' id='word_1_414' title='bbox 821 4488 857 4545; x_wconf 63' lang='lat' dir='ltr'><strong>ut</strong></span> <span class='ocrx_word' id='word_1_415' title='bbox 876 4505 893 4545; x_wconf 64' lang='lat' dir='ltr'><strong>g</strong></span> <span class='ocrx_word' id='word_1_416' title='bbox 908 4503 960 4560; x_wconf 58' lang='lat' dir='ltr'><strong>pfl.</strong></span> <span class='ocrx_word' id='word_1_417' title='bbox 990 4474 1076 4537; x_wconf 82' lang='lat' dir='ltr'><strong>,Fuit</strong></span> <span class='ocrx_word' id='word_1_418' title='bbox 1089 4474 1294 4530; x_wconf 84' lang='lat' dir='ltr'><strong>ecclesiasticae</strong></span> <span class='ocrx_word' id='word_1_419' title='bbox 1309 4470 1444 4527; x_wconf 87' lang='lat' dir='ltr'><strong>dictionis</strong></span> <span class='ocrx_word' id='word_1_420' title='bbox 1458 4468 1578 4530; x_wconf 85' lang='lat' dir='ltr'><strong>Tullius,</strong></span> <span class='ocrx_word' id='word_1_421' title='bbox 1592 4486 1632 4521; x_wconf 88' lang='lat' dir='ltr'><strong>sa·</strong></span> 
     </span>
    </p>
   </div>
   <div class='ocr_carea' id='block_1_4' title="bbox 316 4538 1633 4684">
    <p class='ocr_par' dir='ltr' id='par_1_4' title="bbox 316 4538 1633 4684">
     <span class='ocr_line' id='line_1_45' title="bbox 316 4538 1633 4684; baseline -0.016 -2"><span class='ocrx_word' id='word_1_422' title='bbox 316 4572 414 4631; x_wconf 62' lang='lat' dir='ltr'><strong>m,</strong></span> <span class='ocrx_word' id='word_1_423' title='bbox 437 4569 629 4656; x_wconf 56' lang='lat' dir='ltr'><strong>ccam</strong></span> <span class='ocrx_word' id='word_1_424' title='bbox 665 4575 835 4635; x_wconf 61' lang='lat' dir='ltr'><strong>saco</strong></span> <span class='ocrx_word' id='word_1_425' title='bbox 857 4576 960 4633; x_wconf 64' lang='lat' dir='ltr'><strong>m,</strong></span> <span class='ocrx_word' id='word_1_426' title='bbox 989 4538 1633 4684; x_wconf 63' lang='lat' dir='ltr'><strong>mlacsmtcumuuaula</strong></span> 
     </span>
    </p>
   </div>
   <div class='ocr_carea' id='block_1_5' title="bbox 319 4661 1582 4757">
    <p class='ocr_par' dir='ltr' id='par_1_5' title="bbox 319 4661 1582 4757">
     <span class='ocr_line' id='line_1_46' title="bbox 319 4661 1582 4757; baseline -0.002 -20"><span class='ocrx_word' id='word_1_427' title='bbox 319 4661 373 4733; x_wconf 64' lang='lat' dir='ltr'><strong>&#39;irs</strong></span> <span class='ocrx_word' id='word_1_428' title='bbox 389 4664 477 4739; x_wconf 74' lang='lat' dir='ltr'><strong>anns</strong></span> <span class='ocrx_word' id='word_1_429' title='bbox 493 4664 674 4723; x_wconf 57' lang='lat' dir='ltr'><strong>³⁰¹¹t²¹¹ti⁸m</strong></span> <span class='ocrx_word' id='word_1_430' title='bbox 684 4663 831 4741; x_wconf 61' lang='lat' dir='ltr'><strong>qnidqffid</strong></span> <span class='ocrx_word' id='word_1_431' title='bbox 847 4664 961 4740; x_wconf 69' lang='lat' dir='ltr'><strong>ubiq¹¹⁰</strong></span> <span class='ocrx_word' id='word_1_432' title='bbox 989 4692 1053 4743; x_wconf 88' lang='lat' dir='ltr'><strong>trus</strong></span> <span class='ocrx_word' id='word_1_433' title='bbox 1067 4688 1138 4743; x_wconf 89' lang='lat' dir='ltr'><strong>etin</strong></span> <span class='ocrx_word' id='word_1_434' title='bbox 1153 4686 1309 4741; x_wconf 83' lang='lat' dir='ltr'><strong>christiano</strong></span> <span class='ocrx_word' id='word_1_435' title='bbox 1323 4685 1437 4757; x_wconf 91' lang='lat' dir='ltr'><strong>pulpito</strong></span> <span class='ocrx_word' id='word_1_436' title='bbox 1451 4682 1582 4737; x_wconf 76' lang='lat' dir='ltr'><strong>Paulus·-</strong></span> 
     </span>
    </p>
   </div>
   <div class='ocr_carea' id='block_1_6' title="bbox 315 4752 1633 5187">
    <p class='ocr_par' dir='ltr' id='par_1_6' title="bbox 315 4752 1633 5187">
     <span class='ocr_line' id='line_1_47' title="bbox 1027 4752 1632 4831; baseline -0.017 -17"><span class='ocrx_word' id='word_1_437' title='bbox 1027 4760 1104 4831; x_wconf 75' lang='lat' dir='ltr'><strong>²)lta</strong></span> <span class='ocrx_word' id='word_1_438' title='bbox 1129 4760 1187 4813; x_wconf 82' lang='lat' dir='ltr'><strong>fere</strong></span> <span class='ocrx_word' id='word_1_439' title='bbox 1213 4756 1442 4823; x_wconf 82' lang='lat' dir='ltr'><strong>Quesnellna</strong></span> <span class='ocrx_word' id='word_1_440' title='bbox 1462 4754 1493 4808; x_wconf 91' lang='lat' dir='ltr'><strong>in</strong></span> <span class='ocrx_word' id='word_1_441' title='bbox 1516 4752 1632 4809; x_wconf 89' lang='lat' dir='ltr'><strong>Nuncu·</strong></span> 
     </span>
     <span class='ocr_line' id='line_1_48' title="bbox 989 4828 1620 4902; baseline -0.011 -18"><span class='ocrx_word' id='word_1_442' title='bbox 989 4831 1103 4902; x_wconf 86' lang='lat' dir='ltr'><strong>pataria</strong></span> <span class='ocrx_word' id='word_1_443' title='bbox 1117 4846 1184 4883; x_wconf 84' lang='lat' dir='ltr'><strong>suae</strong></span> <span class='ocrx_word' id='word_1_444' title='bbox 1198 4830 1241 4883; x_wconf 87' lang='lat' dir='ltr'><strong>ed.</strong></span> <span class='ocrx_word' id='word_1_445' title='bbox 1255 4828 1388 4899; x_wconf 83' lang='lat' dir='ltr'><strong>praefixa.</strong></span> <span class='ocrx_word' id='word_1_446' title='bbox 1615 4892 1620 4902; x_wconf 93' lang='lat'>.</span> 
     </span>
     <span class='ocr_line' id='line_1_49' title="bbox 315 4893 1633 4977; baseline -0.013 -15"><span class='ocrx_word' id='word_1_447' title='bbox 315 4962 321 4972; x_wconf 83' lang='lat'><strong>.</strong></span> <span class='ocrx_word' id='word_1_448' title='bbox 356 4910 375 4977; x_wconf 82' lang='lat'><strong>¹)</strong></span> <span class='ocrx_word' id='word_1_449' title='bbox 388 4906 430 4961; x_wconf 83' lang='lat' dir='ltr'><strong>cf.</strong></span> <span class='ocrx_word' id='word_1_450' title='bbox 444 4906 671 4961; x_wconf 88' lang='lat' dir='ltr'><strong>Hincmarna</strong></span> <span class='ocrx_word' id='word_1_451' title='bbox 683 4900 813 4959; x_wconf 82' lang='lat' dir='ltr'><strong>rhemdc</strong></span> <span class='ocrx_word' id='word_1_452' title='bbox 822 4904 961 4974; x_wconf 79' lang='lat' dir='ltr'><strong>praedast</strong></span> <span class='ocrx_word' id='word_1_453' title='bbox 1027 4906 1047 4973; x_wconf 75' lang='grc' dir='ltr'><strong>Ι)</strong></span> <span class='ocrx_word' id='word_1_454' title='bbox 1062 4902 1147 4956; x_wconf 81' lang='lat' dir='ltr'><strong>Gesta</strong></span> <span class='ocrx_word' id='word_1_455' title='bbox 1161 4900 1222 4970; x_wconf 89' lang='lat' dir='ltr'><strong>ejus</strong></span> <span class='ocrx_word' id='word_1_456' title='bbox 1236 4916 1287 4971; x_wconf 90' lang='lat' dir='ltr'><strong>pro</strong></span> <span class='ocrx_word' id='word_1_457' title='bbox 1297 4900 1370 4954; x_wconf 87' lang='lat' dir='ltr'><strong>bono</strong></span> <span class='ocrx_word' id='word_1_458' title='bbox 1380 4894 1521 4975; x_wconf 77' lang='lat' dir='ltr'><strong>Ecclesiae</strong></span> <span class='ocrx_word' id='word_1_459' title='bbox 1532 4893 1633 4974; x_wconf 75' lang='lat' dir='ltr'><strong>descri-</strong></span> 
     </span>
     <span class='ocr_line' id='line_1_50' title="bbox 319 4968 1633 5045; baseline -0.011 -14"><span class='ocrx_word' id='word_1_460' title='bbox 319 4992 341 5033; x_wconf 85' lang='lat' dir='ltr'><strong>o.</strong></span> <span class='ocrx_word' id='word_1_461' title='bbox 354 4984 403 5038; x_wconf 76' lang='grc'><strong>33;</strong></span> <span class='ocrx_word' id='word_1_462' title='bbox 416 4976 619 5033; x_wconf 78' lang='lat' dir='ltr'><strong>Facundus</strong></span> <span class='ocrx_word' id='word_1_463' title='bbox 632 4976 721 5029; x_wconf 86' lang='lat' dir='ltr'><strong>herm.</strong></span> <span class='ocrx_word' id='word_1_464' title='bbox 736 4976 768 5042; x_wconf 83' lang='lat' dir='ltr'><strong>l&#39;,</strong></span> <span class='ocrx_word' id='word_1_465' title='bbox 782 4986 816 5039; x_wconf 79' lang='grc'><strong>5.,</strong></span> <span class='ocrx_word' id='word_1_466' title='bbox 834 4992 848 5030; x_wconf 88' lang='lat' dir='ltr'><strong>a</strong></span> <span class='ocrx_word' id='word_1_467' title='bbox 870 4974 963 5045; x_wconf 87' lang='lat' dir='ltr'><strong>iscopi</strong></span> <span class='ocrx_word' id='word_1_468' title='bbox 990 4976 1065 5029; x_wconf 89' lang='lat' dir='ltr'><strong>bunt</strong></span> <span class='ocrx_word' id='word_1_469' title='bbox 1086 4972 1237 5043; x_wconf 85' lang='lat' dir='ltr'><strong>scriptores</strong></span> <span class='ocrx_word' id='word_1_470' title='bbox 1259 4968 1396 5025; x_wconf 87' lang='lat' dir='ltr'><strong>historiae</strong></span> <span class='ocrx_word' id='word_1_471' title='bbox 1418 4968 1633 5023; x_wconf 76' lang='lat' dir='ltr'><strong>ecclesiasticae.</strong></span> 
     </span>
     <span class='ocr_line' id='line_1_51' title="bbox 319 4995 1633 5163; baseline -0.011 -61"><span class='ocrx_word' id='word_1_472' title='bbox 319 4995 875 5118; x_wconf 42' lang='lat' dir='ltr'><strong>orientaleainladdgapetumpontiii,</strong></span> <span class='ocrx_word' id='word_1_473' title='bbox 884 5062 962 5102; x_wconf 89' lang='lat' dir='ltr'><strong>conc.</strong></span> <span class='ocrx_word' id='word_1_474' title='bbox 990 5046 1033 5099; x_wconf 82' lang='lat' dir='ltr'><strong>Cf.</strong></span> <span class='ocrx_word' id='word_1_475' title='bbox 1046 5046 1193 5117; x_wconf 83' lang='lat' dir='ltr'><strong>praeterea</strong></span> <span class='ocrx_word' id='word_1_476' title='bbox 1207 5042 1228 5097; x_wconf 86' lang='lat' dir='ltr'><strong>F</strong></span> <span class='ocrx_word' id='word_1_477' title='bbox 1237 5060 1251 5125; x_wconf 78' lang='lat' dir='ltr'><strong>e</strong></span> <span class='ocrx_word' id='word_1_478' title='bbox 1260 5061 1272 5097; x_wconf 88' lang='lat' dir='ltr'><strong>s</strong></span> <span class='ocrx_word' id='word_1_479' title='bbox 1281 5040 1396 5097; x_wconf 82' lang='lat' dir='ltr'><strong>aler-J</strong></span> <span class='ocrx_word' id='word_1_480' title='bbox 1407 5058 1424 5093; x_wconf 86' lang='lat' dir='ltr'><strong>u</strong></span> <span class='ocrx_word' id='word_1_481' title='bbox 1437 5060 1452 5091; x_wconf 86' lang='grc' dir='ltr'><strong>,ι</strong></span> <span class='ocrx_word' id='word_1_482' title='bbox 1462 5054 1569 5163; x_wconf 54' lang='lat' dir='ltr'><strong>g&#39;man</strong></span> <span class='ocrx_word' id='word_1_483' title='bbox 1579 5054 1596 5089; x_wconf 88' lang='lat' dir='ltr'><strong>n</strong></span> <span class='ocrx_word' id='word_1_484' title='bbox 1608 5035 1633 5089; x_wconf 90' lang='lat' dir='ltr'><strong>ll</strong></span> 
     </span>
     <span class='ocr_line' id='line_1_52' title="bbox 319 5110 1632 5187; baseline -0.009 -13"><span class='ocrx_word' id='word_1_485' title='bbox 319 5118 541 5179; x_wconf 81' lang='lat' dir='ltr'><strong>chalcedonense</strong></span> <span class='ocrx_word' id='word_1_486' title='bbox 553 5119 585 5175; x_wconf 88' lang='lat' dir='ltr'><strong>in</strong></span> <span class='ocrx_word' id='word_1_487' title='bbox 597 5120 679 5175; x_wconf 85' lang='lat' dir='ltr'><strong>relat</strong></span> <span class='ocrx_word' id='word_1_488' title='bbox 692 5119 729 5173; x_wconf 89' lang='lat' dir='ltr'><strong>ad</strong></span> <span class='ocrx_word' id='word_1_489' title='bbox 742 5118 872 5173; x_wconf 85' lang='lat' dir='ltr'><strong>Leonem.</strong></span> <span class='ocrx_word' id='word_1_490' title='bbox 990 5136 1018 5187; x_wconf 86' lang='lat' dir='ltr'><strong>p.</strong></span> <span class='ocrx_word' id='word_1_491' title='bbox 1028 5122 1126 5184; x_wconf 73' lang='lat'>25209</span> <span class='ocrx_word' id='word_1_492' title='bbox 1135 5132 1185 5173; x_wconf 78' lang='lat' dir='ltr'><strong>aa:</strong></span> <span class='ocrx_word' id='word_1_493' title='bbox 1205 5114 1263 5169; x_wconf 83' lang='lat' dir='ltr'><strong>&#39;lrl</strong></span> <span class='ocrx_word' id='word_1_494' title='bbox 1274 5115 1366 5167; x_wconf 89' lang='lat' dir='ltr'><strong>lemo</strong></span> <span class='ocrx_word' id='word_1_495' title='bbox 1376 5113 1416 5164; x_wconf 91' lang='lat' dir='ltr'><strong>nt</strong></span> <span class='ocrx_word' id='word_1_496' title='bbox 1435 5110 1459 5164; x_wconf 85' lang='lat' dir='ltr'>X</span> <span class='ocrx_word' id='word_1_497' title='bbox 1490 5150 1496 5173; x_wconf 95' lang='lat'><strong>,</strong></span> <span class='ocrx_word' id='word_1_498' title='bbox 1509 5113 1632 5183; x_wconf 71' lang='lat' dir='ltr'><strong>tlt-82</strong></span> 
     </span>
    </p>
   </div>
   <div class='ocr_carea' id='block_1_7' title="bbox 321 4820 480 4833">
    <p class='ocr_par' dir='ltr' id='par_1_7' title="bbox 321 4820 480 4833">
     <span class='ocr_line' id='line_1_53' title="bbox 321 4820 480 4833; baseline -0.019 1"><span class='ocrx_word' id='word_1_499' title='bbox 321 4820 480 4833; x_wconf 61' lang='lat' dir='ltr'><strong>——fl</strong></span> 
     </span>
    </p>
   </div>
   <div class='ocr_carea' id='block_1_8' title="bbox 0 0 2071 5842">
    <p class='ocr_par' dir='ltr' id='par_1_8' title="bbox 0 0 2071 5842">
     <span class='ocr_line' id='line_1_54' title="bbox 0 0 2071 5842; baseline 0 0"><span class='ocrx_word' id='word_1_500' title='bbox 0 0 2071 5842; x_wconf 95' lang='lat' dir='ltr'><strong> </strong></span> 
     </span>
    </p>
   </div>
  </div>
 </body>
</html>
