4117 5842
430 553 491 608 351
719 541 870 592 441—500.
882 532 1039 604 Scriptores
1051 530 1108 604 pol.
1122 530 1257 587 adversus
1270 529 1443 587 Nestorium.
1681 546 1744 601 352

430 724 494 783 rita
508 723 579 782 ante
601 724 776 799 susceptum
791 720 998 799 episcopatum
1011 721 1074 781 tere
1151 730 1221 783 193.
1231 718 1355 779 Interim
1364 717 1546 779 Theodosius
1556 717 1627 796 imp.
1638 724 1745 797 agente

429 812 507 871 nihil
521 811 641 883 scimus,
657 811 718 871 nisi
733 830 803 871 eum
810 809 1074 870 fuisseadmodum
1101 811 1166 887 ipso
1182 809 1321 869 Nestoris
1343 808 1502 868 concilium
1522 808 1746 871 oecumenicum

430 902 508 961 bene
522 901 555 959 in
570 900 650 960 omni
666 900 893 976 disciplinarum
904 918 1022 976 genere,
1038 900 1075 958 ut
1102 898 1212 976 Ephesi
1228 896 1331 957 haberi
1357 896 1460 967 voluit,
1484 897 1534 956 cui
1557 897 1687 973 cyrillus
1710 918 1746 959 ex

431 992 497 1065 ejus
512 992 665 1050 testantur
680 1008 778 1067 opera,
794 988 956 1051 excultum.
980 988 1075 1049 Theo·
1102 987 1289 1066 delegatione
1309 986 1469 1047 Caelestini
1491 985 1631 1063 praefuit,
1657 991 1690 1047 et
1713 989 1746 1049 in

430 1078 549 1156 philam
575 1077 862 1154 Constantinopolim
886 1077 1075 1155 proficiscen·
1102 1096 1163 1153 quo
1178 1094 1240 1137 non
1255 1074 1446 1135 obstantibus
1456 1074 1623 1135 innumeris
1633 1078 1746 1137 machi-

429 1173 491 1228 tem
502 1168 662 1228 comitatus
678 1170 726 1227 est
742 1169 833 1243 atque
842 1166 983 1226 interfuit
992 1165 1074 1227 tristi
1101 1165 1275 1227 nationibus
1297 1166 1343 1224 tot
1365 1164 1516 1225 fautorum
1531 1165 1674 1237 Nestorii,
1697 1167 1747 1226 cui

430 1257 469 1317 ad
494 1256 643 1325 Quercum
668 1255 876 1327 conciliabulo,
906 1256 939 1315 in
963 1274 1024 1332 quo
1051 1273 1074 1314 s.
1102 1255 1242 1315 favebant
1261 1254 1351 1313 multi
1374 1253 1513 1331 episcopi,
1536 1257 1568 1315 et
1589 1254 1669 1315 inter
1692 1256 1747 1315 hos

432 1345 659 1423 chrysostomus
674 1345 735 1405 fnit
750 1345 919 1421 depositus:
941 1345 1011 1405 hinc
1029 1344 1075 1403 nil
1102 1344 1253 1403 antistites
1269 1360 1394 1420 magnae
1410 1343 1610 1415 auctoritatis,
1627 1347 1664 1404 ut
1680 1344 1701 1404 J
1708 1362 1747 1405 o·

431 1434 550 1505 mirum,
567 1452 636 1493 enm
652 1454 738 1513 aegre
753 1437 785 1493 et
798 1433 918 1494 nonnisi
933 1443 1031 1497 adli
1051 1452 1074 1497 s.
1102 1451 1220 1493 annes
1236 1428 1464 1515 antiochenus¹)
1480 1435 1511 1492 et
1527 1432 1747 1494 Theodore-

431 1524 579 1599 praesulis
595 1542 703 1583 nomen
718 1524 751 1583 in
767 1523 910 1600 dypticha
918 1523 1074 1599 recepisse.
1101 1525 1168 1583 tus
1183 1522 1324 1599 cyrensis,
1341 1520 1393 1580 ille
1407 1521 1565 1581 damnatus
1575 1521 1747 1599 depositus·

431 1612 578 1673 Defuncto
601 1614 710 1687 patruo
734 1632 759 1678 a.
785 1621 864 1684 412,
889 1630 949 1672 uon
973 1614 1074 1671 tamm
1103 1630 1162 1688 que
1184 1610 1244 1671 fait
1262 1606 1317 1691 (22
1334 1608 1406 1669 iun.
1424 1606 1502 1693 431)
1524 1613 1615 1687 atque
1637 1612 1746 1671 solem·

432 1701 506 1761 citra
520 1701 793 1773 contradictionem,
818 1701 850 1759 in
873 1701 943 1761 sede
958 1700 1074 1778 episco-
1101 1702 1181 1761 niter
1203 1702 1353 1760 statutum
1374 1699 1482 1777 dogma
1506 1699 1684 1760 catholicum
1710 1702 1746 1761 de

432 1790 494 1867 pali
509 1790 663 1849 successit.
692 1790 857 1867 Episcopus
876 1790 972 1849 factus
990 1809 1074 1867 mag·
1101 1809 1162 1849 nne
1176 1789 1209 1849 in
1219 1788 1335 1849 Christo
1348 1808 1442 1864 eaque
1456 1788 1559 1849 divina
1572 1807 1702 1866 persona
1716 1794 1748 1849 et

385 1906 389 1913 ·
432 1898 506 1939 num
520 1878 591 1938 fidei
606 1879 702 1938 aelam
718 1879 862 1939 ostendit:
881 1880 952 1938 binc
967 1882 999 1938 et
1012 1878 1074 1937 No·
1102 1881 1215 1938 asserta
1239 1877 1385 1955 gloriosae
1410 1877 1441 1937 V.
1466 1878 1575 1938 Mariae
1591 1878 1646 1938 Dei
1661 1878 1746 1957 geni·

432 1968 620 2028 tatianorum
630 1969 769 2028 ecclesias
779 1968 886 2040 claudi,
896 1967 1073 2039 etdudaaos‚
1103 1968 1186 2027 tricis
1217 1966 1432 2043 praerogat-iva.
1481 1968 1605 2045 Magnae
1639 1968 1745 2028 exinde

432 2057 486 2133 qni
502 2057 603 2117 furore
624 2057 684 2116 acti
706 2058 739 2116 in
762 2057 880 2117 caedem
898 2056 1073 2117 christiano·
1103 2060 1185 2117 ortae
1201 2056 1398 2125 sunttnrbae,
1414 2074 1481 2115 oum
1492 2056 1625 2116 fautores
1636 2058 1745 2117 Nesto·

432 2165 496 2205 rum
507 2146 757 2223 conspiraverant,
775 2146 895 2206 civitate
905 2146 1014 2223 expelli
1027 2164 1075 2205 aa·
1101 2146 1140 2205 rii
1148 2146 1247 2205 omnia
1255 2162 1368 2221 susque
1380 2144 1476 2221 deque
1487 2148 1648 2217 verterent,
1665 2149 1703 2206 nt
1715 2148 1746 2205 et

432 2235 518 2312 tegit.
543 2235 702 2312 singulare
716 2253 787 2294 vero
797 2235 900 2311 cyrilli
909 2254 963 2312 pro
973 2235 1075 2294 catho-
1103 2235 1232 2311 cyrillus
1247 2234 1455 2310 deponeretur,
1478 2234 1654 2310 approbatio
1675 2254 1746 2295 ana·

433 2323 506 2383 licae
521 2323 591 2384 fidei
600 2324 808 2384 incolumitate
817 2324 930 2384 enituit
939 2324 1075 2383 studium
1103 2324 1569 2393 thematismorumrevocaretur,
1582 2326 1647 2383 tota
1656 2342 1746 2385 caum

433 2416 536 2472 eontra
551 2413 725 2472 Nestorium
747 2414 784 2471 ab
807 2432 833 2476 a.
850 2421 913 2477 428
937 2416 1074 2473 constan·
1103 2414 1323 2473 retractaretur.
1347 2412 1387 2471 Et
1401 2430 1504 2471 revera
1518 2413 1674 2473 nonsolus
1684 2412 1745 2473 Ne·

433 2502 668 2577 tinopolitanum
681 2502 852 2578 episcopum
868 2504 1029 2579 negantem
1043 2502 1076 2562 in
1103 2502 1225 2573 storius,
1249 2500 1303 2559 sed
1324 2504 1356 2559 et
1370 2500 1499 2577 Gyrillus
1516 2500 1634 2561 concilii
1649 2502 1745 2562 veluti

433 2590 550 2650 christo
561 2590 702 2650 unionem
711 2591 939 2668 hypostaticam,
959 2594 990 2650 et
1004 2591 1076 2651 hine
1104 2592 1211 2662 anima,
1228 2591 1259 2649 et
1268 2590 1406 2649 Memnon
1418 2589 1575 2666 episcopus
1585 2591 1745 2666 ephesinus

434 2682 617 2739 asserentem
639 2680 669 2741 J.
692 2680 840 2739 christum
865 2699 900 2739 er
925 2680 1018 2740 lteris
1042 2680 1075 2743 V.
1103 2699 1138 2739 er
1155 2678 1491 2755 imperatorismandato
1501 2679 1745 2740 custodiaefnere

434 2768 583 2827 hominem
599 2772 717 2828 tantum
734 2773 765 2829 et
779 2787 840 2828 non
851 2770 946 2829 Deum
960 2772 1074 2839 natum,
1103 2767 1220 2827 traditi:
1244 2770 1335 2843 atque
1356 2767 1389 2825 in
1412 2786 1447 2827 aa
1465 2785 1488 2826 s.
1504 2769 1625 2844 praesul
1639 2769 1746 2846 synodi

434 2858 521 2933 eique
531 2858 719 2917 divinitatem
733 2876 788 2935 pro
803 2857 920 2917 meritis
935 2876 1001 2919 esse
1016 2858 1076 2917 col·
1103 2858 1181 2917 votis
1204 2857 1371 2932 obsequens
1386 2857 1648 2917 anathematismos
1664 2876 1744 2927 suos,

433 2948 534 3007 latam
559 2946 632 3006 cum
644 2948 708 3023 ejus
717 2947 955 3007 emendationem
963 2947 1076 3006 frustm
1103 2946 1214 3023 quibus
1230 2945 1487 3005 schismaticorum
1503 2946 1554 3004 alii
1580 2946 1745 3006 obscurita-

433 3038 590 3105 tentasset,
613 3054 681 3096 enm
704 3055 728 3100 a.
749 3037 915 3096 Caelestino
938 3037 1075 3113 episcopo
1102 3038 1164 3095 tem
1175 3034 1401 3111 exprobrabant,
1418 3034 1603 3111 impietatem
1618 3036 1679 3105 alii,
1696 3054 1745 3095 ex·

433 3144 554 3185 romano
579 3125 773 3185 denunciavit
796 3122 897 3208 (430).
926 3125 983 3185 Hic
1005 3144 1076 3185 con·
1102 3124 1223 3200 planare
1232 3122 1372 3199 suscepit.
1394 3122 1561 3199 Imperator
1569 3126 1670 3183 tamen
1684 3143 1746 3184 non

434 3216 558 3291 gregata
581 3213 690 3273 Romae
716 3214 829 3291 synodo
846 3215 988 3274 inanimi
1012 3232 1075 3274 om·
1103 3212 1745 3291 multopostmeliusedoctnaconciliocon·

434 3304 518 3363 nium
535 3320 680 3363 consensu
695 3305 805 3362 rectam
828 3322 852 3362 a.
868 3303 973 3380 cyrilli
987 3303 1074 3363 iidem
1104 3302 1205 3373 sensit,
1231 3305 1322 3377 atque
1344 3301 1518 3361 Nestorium
1540 3302 1574 3361 in
1594 3305 1744 3362 monaste·

433 3391 620 3469 approbavit,
636 3391 769 3451 Nestorii
784 3392 1076 3453 erroremdamnarit
1102 3392 1180 3451 mum
1196 3390 1570 3467 relegavitantioehenum.
1592 3390 1661 3450 Non
1676 3410 1745 3467 pro-

435 3484 525 3555 utque
541 3480 698 3540 anathema
718 3482 914 3541 comminatus
936 3484 991 3551 est,
1016 3480 1076 3541 nisi
1103 3484 1206 3557 pterea
1216 3482 1372 3539 cessarunt
1380 3479 1555 3551 calumniae,
1572 3479 1701 3555 injuriae
1714 3484 1744 3541 et

435 3570 515 3627 intra
541 3568 688 3628 decimum
718 3570 797 3630 diem
826 3574 896 3647 post
926 3571 1075 3647 acceptam
1103 3568 1323 3646 persecutiones
1346 3588 1363 3628 a
1385 3568 1518 3629 Nestorii
1541 3569 1707 3629 fautoribus
1722 3588 1745 3629 a

434 3658 525 3734 hujus
550 3658 718 3717 sententiae
746 3659 946 3737 cognitionem
970 3659 1075 3735 resipi·
1104 3658 1234 3735 praesuli
1247 3657 1745 3734 illatae,quaeipsepalientiasime

434 3750 546 3806 sceret:
577 3750 667 3823 atque
692 3748 801 3825 cyrillo
831 3749 863 3808 in
887 3748 1076 3823 exsequendo
1103 3739 1185 3818 tulit,
1202 3748 1246 3807 ita
1260 3749 1296 3805 ut
1312 3746 1745 3823 desolafideeollicitusquid·

435 3835 699 3914 sedisapostolicae
711 3837 824 3913 judicio
840 3840 940 3914 partes
956 3838 1076 3897 deman-
1104 3835 1178 3911 quid
1193 3836 1335 3895 adversus
1351 3853 1419 3895 eum
1435 3835 1612 3896 effutiebant
1627 3854 1660 3895 ac
1682 3856 1744 3897 mo·

434 3926 526 3985 davit.
561 3926 691 4003 cyrillus
719 3926 819 3985 habita
843 3946 953 4004 magna
981 3926 1076 3986 totius
1104 3925 1254 3985 liebantnr
1270 3924 1419 3996 haeretici,
1436 3943 1490 4001 pro
1505 3925 1599 3985 nihilo
1615 3925 1745 3986 haberet

434 4016 564 4093 Aegypti
584 4014 789 4090 episcoporum
819 4015 933 4091 synodo
957 4017 1076 4074 senten·
1104 4015 1163 4074 Diu
1185 4014 1274 4073 triste
1297 4014 1417 4073 durarit
1439 4014 1568 4073 schisma
1586 4014 1667 4074 inter
1681 4016 1744 4091 epi·

434 4104 507 4162 tiam
524 4103 683 4161 Caelestini
705 4121 790 4162 suam
813 4104 885 4163 fecit
906 4106 996 4180 atque
1011 4104 1075 4179 epi·
1104 4121 1216 4180 scopos,
1233 4103 1287 4179 qni
1302 4102 1516 4163 damnaverant
1524 4102 1698 4163 Nestorium
1713 4105 1745 4163 in

435 4192 542 4251 stolam
566 4192 655 4268 piane
685 4192 836 4270 egregium
860 4193 998 4252 Nestorio
1022 4211 1077 4269 per
1103 4193 1217 4269 synodo
1226 4192 1375 4269 ephesina,
1391 4192 1502 4267 quibus
1512 4192 1666 4253 consensit
1675 4192 1745 4253 coe·

435 4281 551 4356 aliquot
573 4281 725 4358 episcopos
749 4282 841 4353 misit,
866 4282 898 4340 in
923 4301 983 4357 qna
1007 4300 1075 4341 con·
1104 4282 1231 4341 lestiuus
1247 4283 1389 4357 totusque
1406 4280 1556 4353 Occidens,
1579 4284 1611 4341 et
1632 4282 1744 4358 episce-

437 4369 590 4429 tinebatur
604 4370 739 4447 mysterii
758 4370 971 4431 incarnationis
987 4388 1076 4447 expo-

435 4458 505 4517 ⁸ifi0
521 4460 689 4535 ⁸⁰bj¹¹¹¹⁰ti⁸
708 4470 746 4523 ¹2
763 4460 1027 4531 “nathematiflmis'
1043 4460 1076 4518 in
1141 4524 1161 4593 ¹)
1174 4522 1338 4576 ioannes
1351 4520 1382 4575 in
1392 4520 1589 4577 monasterios
1607 4520 1650 4577 Eu
1673 4522 1748 4593 repii

435 4548 545 4693 {uibus
557 4548 705 4625 pnoeipui
716 4552 818 4608 contra
833 4550 888 4609 hoc
899 4549 1074 4650 misterium
1104 4593 1181 4647 head
1196 4592 1296 4663 procul
1307 4593 1461 4647 Antiochia
1483 4608 1547 4647 cum
1567 4541 1747 4649 Theotibretc

455 4636 653 4696 amnssbmur
674 4654 796 4701 errores·
827 4637 983 4698 N0⁸t⁰¹¹¹¹⁸
1004 4657 1075 4697 vem
1104 4668 1134 4719 et
1156 4663 1288 4719 Nestorio
1313 4664 1451 4719 educatus
1477 4662 1542 4718 fuit.
1575 4664 1679 4720 Factus
1704 4668 1749 4719 est

435 4728 552 4801 praeter
566 4726 640 4785 alise
656 4728 859 4786 accusationes
880 4728 914 4785 in
928 4727 1073 4803 cynllnm
1103 4752 1129 4789 a,
1142 4742 1195 4793 428
1207 4734 1395 4791 antiochenas
1412 4734 1572 4806 episcopua
1591 4736 1648 4791 Diu
1662 4736 1749 4809 perti·

435 4832 553 4890 spargas
566 4814 724 4874 duodecim
740 4818 771 4873 pt
785 4816 849 4892 ipse
863 4816 1075 4875 anathematis.
1103 4806 1270 4875 nueiterquc
1279 4806 1393 4861 Obciiirii
1401 4806 1522 4863 dccl'ciic
1534 4807 1651 4863 concilii
1664 4808 1749 4879 epile-

435 4920 499 4961 mos
522 4903 656 4962 condidit
677 4904 813 4981 singulos
838 4905 967 4982 singulis
982 4904 1076 4981 cyril-
1103 4876 1248 5003 ξέῗίἒὰῗέ
1259 4878 1471 5005 ὃᾱῇῑθῧῡιῐθω
1497 4879 1615 5005 demum·
1634 4880 1747 4951 frugem

1238 4990 1245 5013 2
1280 4966 1324 5019 yn
1350 4968 1366 5005 ο
1388 4968 1405 5003 s
1418 4966 1459 5004 ex.
1480 4966 1593 5005 reconcr
1606 4954 1682 5005 satus
1705 4952 1748 5005 est

434 4990 524 5051 lianis
549 4993 711 5093 oppositos,
740 4994 919 5069 exprobrans
941 4993 987 5052 illi
1011 4994 1076 5055 Arii
1105 5024 1128 5091 (Ῠ
1141 5025 1213 5090 441).
1238 5021 1361 5089 Aliquo,
1373 5022 1435 5091 ejus
1447 5025 1570 5091 mola,
1589 5025 1704 5077 mm,
1715 5021 1746 5075 1„

435 5082 676 5157 apollinarisque
692 5100 815 5141 errores.
1105 5092 1229 5163 lligne
1244 5090 1274 5147 P.
1288 5092 1321 5146 G.
1334 5092 1463 5147 LXXVII
1478 5100 1662 5152 1448—1483.
