4117 5842
436 565 497 620 143
685 553 835 606 sae-400.
849 547 1007 619 Scriptores
1019 565 1042 601 c.
1056 549 1133 603 haer.
1147 547 1312 612 Faustinus,
1324 547 1486 614 Sablratius,
1681 567 1742 620 144

432 734 510 804 bolo,
521 753 609 810 quam
620 733 835 812 capanlsae
851 735 992 810 primum,
1003 732 1073 793 dein
1101 734 1315 795 sabellianismi
1324 733 1511 794 accusatione
1520 737 1627 794 tnetnr
1634 733 1666 818 ¹).
1687 735 1742 796 ae-

431 823 464 882 in
480 824 561 884 alten
570 823 632 882 nnd
641 839 741 883 neuen
750 821 885 895 anllen,
894 822 1074 883 Christiania
1100 823 1261 902 periuntnr
1285 825 1356 885 haec
1381 824 1526 902 opuscula
1547 823 1627 900 apud
1655 825 1742 884 Gal·

435 921 519 976 1879
541 931 570 990 p.
591 920 760 977 leo-195
784 910 886 983 edidit,
909 910 1072 972 abeodem
1101 912 1210 973 landi
1233 911 1297 984 VII,
1324 921 1486 984 eae—⁷4,
1513 912 1741 991 iligneam.

430 1002 576 1061 asseritur
590 1001 734 1072 Lucifero,
758 1020 776 1060 a
796 1001 944 1080 aragon)
959 1001 1073 1060 Euae·
1103 1013 1265 1066 37—107.
1289 1001 1406 1062 Flornit
1420 1003 1548 1061 exeunte
1564 1019 1621 1061 sec.
1637 1001 1687 1062 1v.

431 1090 494 1149 bio
508 1089 692 1152 vercellensi.

478 1278 527 1332 74.
543 1266 798 1329 Luciferisnornm
821 1287 937 1329 necnon
962 1271 994 1328 et
1017 1267 1072 1328 Ur·
1148 1277 1196 1333 75.
1212 1269 1256 1328 De
1278 1267 1405 1346 quodam
1421 1267 1605 1328 sabbatio
1628 1271 1671 1328 ita
1693 1287 1739 1329 re·

425 1355 518 1438 ‚sicini
534 1356 687 1417 schismati
696 1357 833 1417 addictus
843 1361 907 1417 erat
921 1358 1072 1418 Fausti·
1100 1358 1158 1418 fert
1173 1356 1398 1417 Gennadius
1417 1353 1595 1438 (etquidem
1611 1358 1676 1435 ipss
1692 1375 1741 1418 so·

429 1463 502 1504 nus
521 1445 684 1523 presbyter,
700 1445 923 1506 sedsoerrimus
938 1447 1008 1507 fidei
1023 1465 1072 1508 or·
1099 1443 1161 1530 lna)
1178 1447 1215 1508 de
1231 1447 1284 1506 vir.
1301 1447 1345 1506 ill.
1364 1465 1388 1510 c.
1406 1455 1462 1510 25:
1488 1447 1740 1516 ,Sabbatha

429 1534 575 1595 thodoxae
589 1535 706 1606 vindex,
724 1535 777 1611 qni
793 1535 935 1612 ,scripsit
950 1537 986 1596 sd
1002 1555 1072 1614 per-
1099 1535 1262 1614 gallicanae
1278 1535 1445 1613 provinciae
1463 1535 1630 1614 episcopus,
1655 1551 1741 1615 roga·

429 1641 533 1683 sonam
554 1623 693 1683 Flacillae
713 1624 833 1702 reginae
856 1619 904 1705 (de
929 1625 1073 1688 ttindate
1099 1628 1149 1686 tus
1165 1644 1183 1684 s
1198 1625 1326 1702 quadam
1340 1627 1421 1684 casta
1435 1624 1591 1685 etOhn'sto
1606 1623 1742 1686 dedicata

430 1712 493 1772 sive
509 1712 547 1771 de
562 1711 632 1789 fide)
647 1713 804 1772 adversum
820 1713 946 1774 Amanus
962 1718 994 1775 et
1007 1715 1071 1775 lla·
1099 1713 1215 1792 virgine
1246 1713 1382 1786 Secunda
1411 1713 1539 1788 nomine,
1574 1715 1744 1792 composuit

428 1801 606 1861 oedonianos
627 1797 716 1884 (qnos
731 1805 832 1862 tamen
847 1820 907 1863 non
922 1799 1070 1889 nominat)
1099 1803 1209 1863 librum
1232 1803 1267 1861 de
1286 1803 1341 1874 fids
1355 1803 1499 1862 adversus
1516 1803 1695 1863 Marcionem
1711 1805 1742 1862 at

429 1888 523 1950 libros
546 1889 612 1968 (sen
634 1892 735 1967 potius
750 1887 860 1975 capita)
884 1895 1006 1970 septem,
1022 1889 1071 1954 his
1099 1891 1300 1963 Valentinum,
1311 1892 1376 1969 ejus
1386 1895 1545 1961 auctorem,
1556 1895 1588 1952 et
1596 1891 1740 1952 adversus

428 1995 479 2038 eos
503 1980 629 2039 maxime
646 1979 866 2056 Scripturarum
890 1981 1072 2044 testimoniis
1098 1979 1742 2058 Eunomiumetmsgistrnmtetiummsten·

428 2085 559 2145 arguens
566 2073 597 2126 et
604 2069 790 2139 convincens,
801 2069 913 2146 quibus
922 2070 968 2130 illi
979 2089 1070 2148 pravo
1099 2069 1172 2129 dens
1188 2075 1219 2130 et
1235 2071 1349 2130 ratione
1365 2072 1396 2128 et
1410 2070 1593 2130 testimoniis
1606 2070 1740 2147 Scriptu-

429 2175 520 2216 seusu
535 2160 667 2216 utuntur
681 2158 717 2216 ad
731 2157 956 2234 blasphemiam.
972 2160 1070 2238 Scrip-
1099 2179 1209 2226 rarum,
1229 2177 1324 2218 unum
1341 2177 1406 2218 esse
1422 2159 1543 2218 deitatis
1559 2159 1742 2236 principium

429 2246 469 2304 sit
484 2249 515 2304 et
530 2245 640 2305 librum
657 2241 805 2327 (libellum
822 2244 966 2331 precum),
981 2267 1071 2326 quem
1097 2249 1257 2325 ipsumque
1272 2263 1337 2307 esse
1352 2251 1384 2307 et
1399 2265 1469 2307 suae
1483 2247 1670 2307 aeternitatis
1686 2267 1740 2307 au·

429 2333 645 2408 Valentiniano,
655 2334 817 2396 Theodosio
833 2339 865 2396 et
874 2337 1000 2398 Arcadio
1014 2339 1070 2398 im·
1098 2339 1208 2397 ctorem
1225 2341 1256 2396 et
1271 2336 1376 2396 mundi
1391 2355 1427 2396 er
1442 2335 1537 2396 nihilo
1547 2337 1740 2408 conditorem,

428 2423 616 2499 peratoribus
625 2443 679 2501 pro
688 2423 861 2485 defensione
869 2443 1070 2488 snornmcnm
1099 2427 1249 2503 simulque
1271 2429 1303 2484 et
1325 2425 1362 2484 de
1385 2425 1508 2496 Ohmsto,
1534 2424 1615 2501 qnod
1631 2442 1692 2485 non
1707 2427 1740 2484 in

428 2513 660 2572 Marcellino
680 2513 810 2591 quodam
826 2515 1001 2593 presbytero
1016 2517 1069 2576 ob·
1097 2516 1257 2592 phantasia
1271 2515 1358 2574 homo
1374 2515 1552 2592 apparuerit,
1573 2515 1625 2574 sed
1641 2533 1740 2574 verani

427 2601 538 2680 tulit2),
564 2620 599 2660 ex
623 2621 683 2679 qno
698 2603 869 2664 ostenditur
884 2604 1069 2667 Luciferiano
1099 2603 1238 2665 habuerit
1261 2621 1389 2674 carnem,
1420 2621 1473 2680 per
1502 2622 1591 2679 quam
1614 2605 1740 2663 mandu-

428 2691 583 2750 schismsti
607 2692 799 2761 consensisse,
825 2693 897 2769 quia
919 2693 1070 2755 Hilarium
1097 2693 1198 2764 cando,
1208 2691 1349 2762 bibendo,
1359 2691 1503 2764 lassando,
1517 2692 1669 2770 plorando,
1685 2711 1739 2770 pa·

427 2779 638 2856 pictaviensem
654 2785 685 2840 et
694 2781 855 2841 Damasum
865 2783 951 2842 urbis
961 2783 1069 2843 Romae
1097 2781 1208 2852 tiendo,
1240 2781 1401 2852 moriendo,
1434 2781 1618 2858 resurgendo
1648 2799 1739 2841 verus

426 2870 581 2946 episcopos
604 2869 637 2930 in
661 2871 764 2930 eodem
788 2870 809 2928 l.
840 2871 950 2947 culpat,
982 2872 1071 2948 quasi
1097 2872 1240 2949 probatus
1264 2871 1305 2930 sit¹
1327 2871 1422 2929 homo.
1455 2869 1509 2929 liis
1525 2871 1605 2930 enim
1621 2875 1740 2930 senten·

427 2959 967 3036 maleconsuluerintEcclesiae,quod
983 2980 1068 3037 prae·
1097 2959 1150 3020 tiis
1175 2959 1305 3020 Marcion
1335 2961 1366 3018 et
1397 2957 1574 3020 Valentinus
1598 2959 1740 3020 coutrard

426 3047 605 3108 amicatores
619 3047 773 3126 episcopos
788 3048 1068 3109 incommunionem
1098 3049 1293 3116 exstiterunt,
1332 3050 1497 3108 asserentes
1527 3049 1586 3108 duo
1618 3049 1739 3109 deitatis

426 3141 458 3196 et
494 3137 693 3197 sacerdotium
730 3139 810 3213 pacis
852 3138 1070 3215 recuperandae
1097 3139 1247 3217 principia
1262 3136 1579 3198 etchristumvenisse
1594 3137 1627 3196 in
1644 3138 1739 3214 phan-

426 3226 539 3303 gratise
562 3226 751 3301 recepissent,
774 3226 854 3301 qnod
875 3226 1069 3286 Luciferianis
1096 3228 1178 3288 tasin.
1193 3227 1280 3288 Attio
1294 3244 1366 3286 vero
1381 3225 1575 3296 etltunomio,
1591 3225 1739 3303 discipulo

348 3340 352 3349 ·
426 3315 470 3374 ita
485 3314 640 3392 displicuit
654 3313 957 3393 recipereepiscopos,
975 3316 1069 3392 quiin
1098 3317 1171 3394 ejus,
1196 3315 1336 3396 ostendit,
1359 3315 1478 3374 Patrem
1501 3318 1532 3375 et
1547 3315 1656 3375 lilium
1679 3335 1739 3376 non

425 3403 601 3462 ariminensi
626 3403 750 3462 concilio
765 3404 886 3463 Arianis
902 3406 1067 3464 communi·
1097 3407 1223 3466 duarum
1246 3423 1310 3466 esse
1331 3406 1509 3464 naturarum
1530 3407 1562 3464 et
1583 3403 1739 3464 divinitate

426 3495 572 3564 mussant,
595 3491 675 3568 quod
698 3487 732 3574 (l.
752 3488 912 3576 quomodo)
927 3493 1069 3554 Novatia·
1096 3494 1247 3572 parilium,
1264 3493 1317 3553 sed
1332 3494 1423 3553 nnius
1438 3493 1593 3562 essentiae,
1617 3496 1648 3553 et
1663 3493 1739 3553 alte·

425 3581 634 3657 nisapostatas
643 3578 894 3664 poenitentas⁸).‘
911 3582 1070 3642 Obtulerat
1096 3603 1162 3644 rum
1179 3603 1213 3642 er
1229 3583 1322 3643 altero
1337 3583 1356 3644 i.
1373 3602 1399 3642 e.
1414 3601 1448 3642 ex
1458 3583 1547 3643 Patre
1556 3582 1676 3654 Filium,
1694 3583 1738 3642 al-

426 3687 546 3745 quoque
568 3671 654 3743 fidem
669 3669 842 3740 Theodosio,
864 3671 897 3730 in
920 3691 979 3749 quo
1003 3690 1069 3732 sea
1096 3675 1195 3731 terum
1211 3671 1298 3732 alteri
1317 3676 1514 3743 coaeternum,
1537 3671 1586 3731 oui
1609 3671 1738 3731 creduli-

426 3811 581 3820 ..-.
1096 3762 1154 3822 iati
1164 3761 1270 3821 Attius
1286 3764 1316 3820 et
1325 3761 1489 3820 Eunomius
1500 3760 1737 3820 contradicnnt‘

467 3898 483 3950 'l
499 3893 571 3946 Krsr
607 3910 653 3953 er,
678 3893 792 3949 Lucifer
813 3895 845 3948 B.
866 3912 922 3948 von
943 3895 982 3950 Ca
1001 3893 1068 3951 liari
1096 3849 1387 3953 Hijmopefisnihss
1395 3849 1525 3952 impnim
1533 3849 1738 3951 exstit'pom

426 3965 486 4019 nnd
499 3964 560 4018 sein
615 3963 676 4019 tein
689 3964 719 4018 in
733 3966 841 4020 Archiv
854 3965 900 4019 far
913 3965 973 4020 Lat.
1010 3967 1067 4020 exi·
1095 3939 1531 4000 0d¹t⁰¹⁰⁸h¹⁸t⁰¹¹⁸⁰ht⁰m¹⁸⁰
1541 3937 1656 3998 (hum
1666 3955 1737 3998 ⁰⁰¹²·

427 4037 507 4106 kogr,
521 4036 581 4090 und
595 4035 775 4089 Graminatik
792 4044 868 4094 1886.
892 4037 939 4100 111,
966 4045 1067 4097 1-58;
1092 4029 1234 4106 jieinntl)
1258 4029 1339 4088 hunc
1363 4027 1535 4088 Sabbalium
1561 4027 1652 4087 alium
1676 4043 1738 4087 non

426 4107 463 4162 cf.
486 4111 516 4161 et
540 4106 632 4176 ipsius
654 4107 673 4161 l.
695 4106 809 4161 Lucifer
821 4108 854 4164 B.
867 4147 874 4162 .
888 4149 915 4162 ..
936 4108 996 4162 und
1017 4109 1068 4162 das
1096 4137 1159 4178 03⁸0
1175 4137 1193 4176 ῃ
1208 4117 1375 4177 gornaio
1391 4117 1531 4194 episcopo
1538 4115 1696 4194 tungrensi
1705 4113 1738 4198 (†

425 4177 832 4306 ssffiffiff⁰fll¹ussiffi⁸n⁰¹³
854 4179 971 4250 Leipzig
983 4185 1067 4240 ¹⁸⁸⁶³
1103 4217 1137 4272 13
1164 4207 1221 4266 Mai
1247 4204 1338 4290 384),
1370 4206 1424 4282 qni
1449 4205 1589 4266 interluit
1612 4205 1737 4266 concilio

427 4276 439 4302 ι
463 4324 483 4393 ²)
498 4323 529 4374 ln
551 4260 884 4389 codd25praeiniuuntur
902 4331 976 4392 preto
997 4325 1069 4377 intes·
1096 4296 1255 4355 ”rdioemi
1284 4293 1460 4371 f⁰fffifflllue
1498 4294 1586 4354 initi⁰
1624 4294 1739 4355 militi

425 4394 563 4448 Litorium
576 4402 599 4446 et
612 4397 732 4458 Felicem,
750 4391 781 4445 in
795 4391 900 4461 quibus
913 4395 1068 4446 narrantur
1096 4385 1214 4444 Arianis
1229 4384 1262 4442 in
1277 4383 1403 4443 concilio
1418 4383 1599 4454 ariminensi,
1618 4382 1669 4443 aed
1685 4383 1737 4443 da·

425 4464 610 4528 calamitates,
633 4480 705 4532 quaa
718 4481 819 4534 passus
832 4464 871 4517 sit
883 4463 1004 4518 Ursinus
1017 4481 1067 4518 an·
1096 4493 1177 4534 mum
1192 4470 1348 4532 madibus
1363 4472 1475 4532 Urmii
1490 4475 1522 4532 et
1536 4471 1670 4532 valentis
1686 4471 1737 4534 de.

425 4535 527 4660 {papa
540 4535 656 4590 Damasi
669 4537 804 4616 tempore.
823 4535 906 4616 ¹Hace
919 4539 1015 4589 tamen
1028 4536 1067 4589 al·
1095 4565 1201 4640 ceptus
1232 4561 1409 4637 subscripsit
1439 4561 1584 4621 formul„
1609 4561 1735 4633 arim,

453 4623 514 4661 nus
540 4611 608 4661 sunt
631 4610 765 4661 stratoris.
798 4606 924 4661 Libellus
949 4623 1067 4676 precum

426 4679 623 4746 prosilientes
637 4677 834 4732 sirmondi
848 4693 934 4747 opera.
948 4680 968 4732 r.
982 4679 1003 4731 1.
1016 4677 1066 4732 rs.
1096 4670 1185 4728 quem
1200 4652 1324 4752 lapsum·
1338 4653 1418 4710 certe
1440 4653 1577 4752 camut
1599 4650 1667 4710 aliis
1688 4670 1736 4710 τε·

424 4749 500 4802 risiis
516 4757 592 4808 1696.
606 4750 704 4818 etjam
719 4748 801 4818 prius
813 4750 930 4803 seorsim
943 4747 981 4807 ib,
998 4756 1067 4806 1650
1094 4743 1238 4801 tractasse
1253 4745 1358 4799 manto
1373 4742 1584 4818 praesumitur.

424 4819 457 4872 in
481 4827 499 4877 8
523 4839 588 4874 cum
613 4820 675 4891 ejus
688 4818 773 4873 notia.
796 4819 837 4874 Cf.
864 4819 1067 4876 Fabricius

425 4891 590 4946 bibliothec..
602 4893 652 4947 lat
663 4891 706 4945 ed.
717 4889 877 4946 Florentiae
890 4899 966 4948 1858.
975 4893 996 4955 Ι,
1006 4901 1066 4949 555.

425 4961 538 5016 Primus
548 4961 676 5032 ejusdem
686 4962 705 5017 l.
718 4979 735 5015 a
747 4962 921 5017 nonneminc
935 4962 1066 5034 Grego-
1134 4965 1151 5034 ¹)
1166 4961 1207 5017 cf.
1220 4962 1256 5017 de
1266 4962 1312 5018 hie
1329 4961 1524 5089 scriptoribus,
1535 4979 1607 5031 qnos
1618 4979 1646 5015 n.
1656 4963 1687 5020 ⁸11
1700 4979 1736 5015 ss.

424 5033 482 5086 rio
495 5032 610 5086 Baetice
623 5033 768 5086 asseritur.
1094 5033 1296 5098 recensuimus,
1310 5033 1378 5088 Bar
1412 5035 1585 5088 enhewer
1597 5041 1611 5100 t
1624 5037 1668 5090 87.

462 5103 1037 5163 'lltaGennadiusdevir.ill.c.16.
1129 5105 1543 5178 ¹)Tom.1.p.apag.asass.
