4117 5842
452 601 514 654 903
846 587 1013 639 951-1000.
1026 579 1179 636 liutherius
1192 578 1365 636 veronensis.
1698 592 1769 648 904

450 771 482 828 in
498 769 670 846 Berengarii
686 768 823 846 Hugonls
839 768 949 828 aemuli
965 768 1090 827 insidias
1118 787 1176 844 qne
1192 766 1381 827 classicorum
1397 765 1614 843 cognitionem:
1637 768 1668 824 et
1691 784 1766 824 cnm

451 855 551 940 (946).
582 857 690 917 Tribus
707 860 737 916 et
753 857 842 916 semis
866 858 1017 916 mensibus
1032 858 1090 916 lta·
1117 857 1238 933 saepius
1254 857 1286 914 in
1301 856 1339 915 iia
1361 856 1433 916 cleri
1454 854 1698 915 reformationem
1713 873 1768 912 re·

450 947 565 1007 therins
596 947 656 1005 fuit
686 947 743 1006 sub
774 946 910 1006 custodia
937 949 1089 1007 vetemus:
1117 946 1233 1022 spiciat,
1249 964 1284 1004 er
1300 945 1337 1005 iis
1348 944 1547 1005 ecclesiastica
1556 961 1613 1004 sec.
1622 943 1657 1002 X.
1668 943 1764 1002 disci·

450 1037 519 1096 inde
535 1037 636 1096 autem
659 1037 786 1095 emissus
809 1035 929 1096 demum
953 1035 1090 1096 redditus
1117 1035 1203 1110 plina
1217 1029 1480 1111 colligiturr'hinc
1503 1035 1534 1092 et
1556 1051 1609 1109 pro
1631 1032 1768 1092 historia

450 1125 605 1185 veronensi
621 1124 769 1185 ecclesiae.
794 1125 904 1184 Multas
925 1129 1024 1185 tamen
1040 1145 1087 1185 ae·
1116 1124 1207 1201 hujus
1221 1124 1315 1183 seculi
1330 1122 1491 1183 admodum
1506 1121 1685 1184 euntutilia.
1703 1123 1764 1181 Oc·

447 1232 569 1274 rumnas
586 1217 652 1291 poet
667 1213 889 1274 restitutionem
905 1214 1041 1290 pertulit,
1058 1216 1090 1273 et
1116 1215 1242 1273 currunt
1258 1213 1421 1272 identidem
1437 1213 1470 1271 in
1485 1211 1590 1271 iisdem
1607 1212 1768 1287 praeclara

448 1321 515 1362 cum
532 1303 681 1362 Manassae
701 1302 939 1380 archiepiscopus
954 1303 1089 1380 alioquin
1116 1321 1170 1378 pro
1192 1302 1249 1361 fide
1269 1301 1413 1361 catholice
1434 1301 1577 1361 adversus
1597 1302 1765 1360 novatores

448 1393 628 1464 arelatensis,
654 1393 707 1469 qui
731 1411 794 1451 eam
820 1393 917 1452 sedam
941 1396 1028 1452 antea
1042 1394 1088 1452 in-
1116 1410 1173 1452 eec.
1188 1390 1263 1450 XVI.
1278 1390 1460 1450 testimonia.
1475 1389 1551 1449 Stilo
1561 1390 1662 1448 utitur
1671 1409 1762 1466 prae·

448 1484 572 1552 vaserat,
589 1481 738 1556 quendam
753 1500 824 1540 suae
839 1480 981 1540 dioecesis
1002 1483 1088 1542 cleri·
1114 1483 1162 1540 ter
1185 1480 1269 1541 illius
1293 1481 1399 1539 aetatis
1420 1497 1533 1539 morem
1556 1479 1629 1538 satie
1651 1479 1760 1554 polito,

448 1589 515 1628 cum
539 1569 571 1629 in
596 1569 769 1646 episcopum
792 1588 986 1630 veronensem
1008 1571 1088 1630 crdi-
1115 1571 1168 1628 sed
1183 1568 1343 1646 inaequali,
1361 1569 1430 1641 acri,
1440 1568 1620 1640 vehementi,
1630 1567 1762 1628 vocibus

448 1662 557 1730 nasset,
584 1658 647 1735 ipse
671 1659 783 1718 iterum
805 1659 873 1719 sede
905 1661 1010 1735 pulsus
1041 1663 1089 1720 est
1113 1658 1248 1718 barbaris
1262 1659 1310 1718 vel
1325 1658 1445 1734 proprio
1461 1657 1586 1716 arbitrio
1611 1656 1761 1729 formatis,

447 1744 546 1830 (948).
578 1746 730 1808 Profectus
747 1749 840 1808 estin
856 1748 1042 1808 Germaniam
1057 1753 1088 1807 et
1115 1747 1184 1806 hinc
1198 1767 1286 1825 saepe
1300 1747 1390 1806 nimia
1414 1747 1560 1823 quaesito,
1583 1745 1712 1805 obscuro
1727 1751 1761 1806 et

448 1855 503 1912 ope
520 1837 669 1896 Brunonis
685 1837 916 1897 fratrisOttcnis
932 1837 1012 1915 regia
1027 1837 1086 1897 tac·
1113 1837 1250 1913 implexo.
1280 1869 1325 1880 -
1354 1836 1518 1911 Praecipue
1547 1853 1636 1912 porro
1667 1837 1759 1894 aunt:

446 1933 497 1985 tus
514 1930 560 1985 est
576 1927 732 2002 episcopus
749 1926 908 1986 leodiensis
919 1922 1022 2007 (953)','
1035 1928 1086 1986 sed
1114 1925 1353 2004 Proelcqseiorum
1370 1927 1400 1984 ll.
1424 1924 1476 1999 VI,
1493 1924 1604 2000 quibus
1620 1923 1758 1983 omnium

445 2016 529 2074 brevi
546 2018 659 2091 postet
675 2016 812 2078 hacsede
831 2017 973 2091 expulsus
989 2015 1086 2076 rebel·
1113 2015 1246 2091 cujusvis
1268 2014 1384 2086 aetatis,
1406 2033 1501 2084 serus,
1525 2013 1710 2073 conditionis
1726 2017 1760 2070 et

446 2105 527 2163 lione
557 2103 695 2163 factionis
725 2091 973 2180 praepotentioris
998 2105 1086 2182 eique
1113 2104 1227 2164 ordinis
1243 2105 1406 2174 homiuum,
1423 2103 1513 2162 etiam
1529 2101 1699 2179 principum
1724 2105 1758 2160 et

447 2195 589 2252 subactus
605 2193 664 2251 suit
679 2192 843 2260 Baldricus.
860 2195 931 2254 Cum
943 2194 1053 2254 Ottone
1062 2196 1085 2253 1.
1112 2194 1328 2276 episcopcrum,
1355 2192 1451 2253 officia
1474 2191 1602 2267 explicat
1623 2195 1655 2250 et
1679 2191 1756 2250 vitia

446 2301 515 2358 rege
524 2281 614 2339 rediit
624 2292 682 2344 961
694 2282 726 2341 in
735 2281 862 2352 Italiam,
873 2300 966 2359 eoque
976 2287 1084 2361 agente
1112 2286 1203 2359 atque
1217 2283 1330 2343 abusus
1345 2297 1380 2341 eo
1395 2286 1527 2358 tempore
1535 2280 1760 2341 invalescentes

446 2371 603 2428 accedente
619 2371 729 2429 summi
753 2371 901 2446 pontificis
926 2375 1015 2448 atque
1031 2393 1084 2449 pa·
1111 2373 1297 2450 perstringit.
1328 2371 1384 2429 Ubi
1407 2371 1601 2446 episcopalem
1621 2369 1756 2447 dignita-

444 2459 558 2534 piensis
589 2460 706 2518 concilii
731 2460 848 2521 decreto
874 2460 975 2520 sedam
999 2479 1083 2521 vero·
1112 2464 1172 2520 tem
1195 2461 1451 2521 etauctoritatem
1473 2459 1670 2530 commendat,
1691 2477 1755 2518 non

444 2566 566 2606 pensem
583 2549 703 2624 recepit.
734 2549 792 2608 Sed
816 2567 884 2608 cum
908 2569 1001 2609 novae
1024 2551 1083 2610 ori·
1111 2569 1205 2626 pauca
1219 2551 1256 2609 de
1272 2551 1335 2609 suis
1349 2548 1499 2608 aerumnis
1508 2548 1657 2624 inspergit
1671 2566 1707 2607 ac
1715 2547 1756 2606 de

444 2640 550 2696 rentur
564 2638 1084 2714 temporislepsuiueumturbaeob
1110 2638 1165 2710 his,
1173 2655 1589 2716 quaesnarumaerumnarum
1598 2637 1755 2697 occasione

444 2727 508 2800 ejus
524 2727 666 2785 acriorem
679 2727 786 2803 agendi
799 2729 943 2787 rationem
952 2729 1082 2788 etrefor·
1110 2728 1284 2789 acciderant.
1315 2727 1361 2787 Ne
1385 2744 1456 2786 vero
1480 2726 1549 2803 quis
1573 2745 1606 2785 se
1628 2727 1667 2784 cb
1698 2727 1753 2785 ali-

443 2815 581 2874 mationis
598 2815 741 2888 studium,
765 2835 780 2874 a
801 2835 833 2875 re
849 2818 967 2876 censuit
983 2817 1082 2877 sedem
1110 2835 1198 2892 quem
1214 2817 1292 2876 circa
1306 2817 1394 2875 fidem
1410 2833 1538 2874 errorem
1554 2815 1695 2874 intentas
1703 2815 1751 2874 in·

442 2905 516 2963 hanc
532 2903 682 2963 dimittere
693 2899 784 2988 (968)
802 2909 891 2980 atque
907 2907 939 2964 in
954 2907 1082 2982 patriam
1110 2906 1217 2966 cidisse
1255 2906 1387 2965 miseriae
1418 2904 1631 2981 suspicaretur,
1666 2923 1753 2963 suam

441 2993 546 3062 redire,
569 2993 622 3052 nbi
644 2993 680 3051 ab
704 2993 842 3054 Everaclo
859 2995 1002 3054 leodiensi
1019 2996 1081 3071 epi·
1110 2995 1274 3054 doctrinam
1299 2995 1431 3054 ostendit
1454 3011 1613 3053 consonam
1638 2992 1750 3052 doctri·

442 3099 530 3157 scopo
546 3101 634 3157 quam
646 3082 860 3142 humanissime
870 3086 1015 3160 receptus,
1028 3085 1081 3142 ali·
1109 3102 1164 3143 nae
1180 3103 1203 3143 s.
1219 3083 1384 3161 Augustini
1392 3082 1668 3160 professionemque
1681 3081 1752 3141 fidei

430 3173 515 3246 ‘quot
530 3171 687 3230 abbatiolis
698 3172 758 3230 fnit
768 3173 943 3249 praefectus,
960 3173 1081 3232 demum
1109 3192 1131 3232 s.
1148 3174 1305 3232 Athanasii
1320 3173 1454 3250 symbolo
1469 3171 1650 3230 conformem
1667 3171 1752 3248 Opus

440 3259 664 3320 etiamlobiensi
677 3258 779 3342 (971),
796 3265 1080 3338 quamtamenanno
1108 3263 1162 3322 hoc
1177 3263 1330 3338 inscripsit
1351 3262 1440 3321 etiam
1463 3261 1664 3319 Meditotioaea
1686 3277 1748 3319 ccr-

439 3348 572 3424 proximo
583 3349 693 3408 iterum
701 3351 801 3409 cedere
812 3351 917 3410 debuit
926 3351 1079 3411 Fulcuino.
1107 3351 1163 3424 dis,
1182 3352 1380 3410 Medicinalem
1403 3352 1434 3408 et
1455 3351 1652 3428 Apcnisticom
1678 3349 1750 3424 qnia

439 3437 546 3495 Almam
562 3439 718 3508 concessit,
741 3439 794 3498 ubi
818 3439 936 3498 taudem
952 3444 1019 3516 post
1033 3444 1080 3499 tot
1107 3441 1219 3500 multae
1234 3438 1439 3499 meditationis
1455 3438 1578 3515 praebet
1592 3439 1748 3498 materiam

439 3526 518 3584 vitae
544 3526 647 3584 turbas
673 3529 789 3603 quievit
813 3532 843 3588 et
861 3539 910 3592 25.
926 3531 996 3604 hpr.
1014 3540 1078 3592 974
1107 3533 1137 3588 et
1153 3529 1346 3589 christianum
1372 3528 1522 3586 hominem
1546 3527 1632 3587 velut
1653 3528 1748 3587 athle-

439 3614 531 3672 vitam
547 3615 859 3676 hancmcrtalemcum
871 3621 1078 3677 aeternarum·
1106 3622 1168 3677 tam
1183 3619 1219 3677 ad
1236 3621 1385 3678 sedamen
1401 3617 1551 3676 informat.
1582 3617 1702 3676 Prodiit
1715 3617 1750 3675 in

438 3703 575 3762 mutavit.
615 3704 795 3765 characteris
823 3709 886 3765 erat
915 3707 1004 3766 nimis
1031 3726 1077 3766 ar·
1106 3709 1275 3767 hlartene
1298 3708 1387 3784 ampl.
1411 3707 1747 3775 e011.1X‚785-914.

438 3792 536 3850 dentis
552 3791 767 3868 etimpetuosi;
783 3795 889 3854 habuit
905 3796 1009 3868 zelum,
1027 3797 1079 3856 sed
1104 3796 1187 3856 Licet
1202 3797 1280 3856 illud
1301 3797 1334 3856 in
1356 3814 1470 3855 carcere
1491 3795 1638 3871 papiensi,
1655 3795 1747 3853 libro·

437 3900 496 3940 non
513 3882 675 3941 secundum
692 3885 898 3959 prudentiam:
919 3885 988 3945 hinc
1004 3886 1078 3944 sub·
1105 3905 1173 3943 rum
1189 3885 1369 3960 supellectili
1384 3885 1472 3961 plane
1488 3884 1666 3952 destitutus,
1678 3901 1749 3943 een·

437 3970 565 4029 diturum
582 3972 791 4030 confidentiam
814 3977 845 4032 et
866 3993 994 4033 amorem
1019 3974 1076 4032 eibi
1106 3974 1266 4051 scripserit,
1307 3975 1455 4052 copiosam
1484 3977 1586 4032 mmen
1616 3972 1748 4048 praefert

436 4060 594 4119 conciliare
610 4079 669 4119 non
686 4060 788 4120 valuit.
805 4063 840 4121 ln
857 4062 1077 4122 calamitatibus
1105 4064 1303 4122 eruditionem
1313 4060 1746 4138 sacramatquaprcfanam.-

435 4149 530 4208 defuit
545 4150 573 4208 ai
590 4150 764 4211 constantia.
1107 4153 1256 4211 Conclusio
1271 4153 1455 4210 deliberativa
1470 4149 1589 4209 Leodici
1605 4153 1673 4209 acta
1683 4151 1747 4209 eive

1103 4241 1224 4318 Olymax
1240 4242 1384 4317 Syrmatis
1400 4240 1541 4317 ejusdem,
1559 4248 1600 4301 40
1618 4239 1745 4299 rationi·

481 4336 553 4390 497.
584 4328 716 4387 Plurima
741 4325 896 4410 reliqnitl)
922 4331 1074 4404 opuscula,
1104 4330 1160 4389 bus
1175 4334 1327 4407 tamquam
1350 4331 1445 4390 scalae
1469 4327 1628 4404 cujusdam
1643 4328 1745 4406 gradi·

434 4417 1072 4492 quaecollectaprodieruntVeronaea.l765
1102 4419 1160 4479 bus
1197 4420 1235 4478 ad
1265 4419 1490 4480 deliberativam
1520 4417 1744 4477 conclusionem

434 4523 504 4564 curs
516 4506 642 4564 fratrum
651 4507 732 4564 Petri
744 4509 774 4565 at
788 4506 1074 4568 Hier.Ballerini
1102 4509 1289 4568 statuendam
1304 4527 1365 4569 uon
1382 4506 1503 4567 cedendi
1519 4505 1582 4565 sedi
1598 4506 1743 4566 leodiensi

433 4595 464 4652 et
479 4594 509 4652 in
525 4595 653 4670 Migne
674 4595 705 4652 P.
722 4595 752 4658 L.
768 4595 916 4666 CXXXVI,
936 4606 1074 4660 9-768.
1101 4601 1203 4657 contra
1218 4597 1389 4658 Baldrioum
1411 4598 1439 4656 ei
1462 4597 1621 4656 suffectum
1640 4613 1742 4654 ascen-

432 4683 474 4740 Ea
488 4686 641 4742 testentur
650 4702 787 4761 magnam
800 4684 1007 4758 eruditionem,
1025 4704 1073 4744 aa·
1100 4685 1153 4745 dit.
1169 4685 1584 4762 Ineademcaueacomposnit
1598 4703 1676 4760 opus
1691 4685 1742 4744 ad·

432 4771 553 4830 siduum
577 4773 609 4831 in
634 4777 754 4848 patrum
780 4775 919 4850 operibus
936 4774 1072 4851 legendis
1101 4776 1220 4834 modum
1235 4776 1404 4848 obscurum,
1427 4775 1597 4852 implexum,
1622 4775 1742 4835 difficile

431 4860 566 4920 studium
581 4864 672 4936 atque
688 4861 882 4939 diligentiam,
893 4863 983 4922 etiam
993 4864 1024 4922 in
1034 4864 1071 4922 li·
1098 4863 1253 4923 Phrenesis
1268 4865 1457 4940 inscriptum,
1481 4865 1683 4941 complectens
1701 4873 1741 4928 20

430 4949 504 5006 teris
518 4949 744 5008 humanioribus
755 4952 890 5026 peritiam
901 4955 1070 5012 auctorum·
1099 4954 1210 5030 scripta
1223 4953 1243 5012 i.
1259 4973 1284 5013 e.
1300 4954 1453 5030 epistolas,
1468 4954 1587 5014 libellos
1604 4959 1670 5028 etc„
1696 4953 1740 5013 di-

1099 5043 1195 5102 visum
1211 5042 1243 5100 in
1255 5043 1287 5102 ll.
1296 5043 1360 5113 XII,
1378 5063 1505 5120 quorum
1514 5044 1610 5120 aliqui
1621 5048 1739 5104 tantum

471 5135 488 5189 ¹]
504 5129 544 5183 Οἳ.
559 5130 894 5198 Ebert111‚373-383.
1099 5134 1268 5205 supersunt.
1293 5165 1338 5175 -
1363 5133 1542 5210 Excerptum
1565 5152 1601 5192 esc
1626 5135 1743 5210 dinlopo
