4117 5842
328 575 388 628 rol
909 557 1060 614 Alsuinus.
1576 574 1637 629 rec

328 744 531 804 lustrissimus
556 743 646 820 hujus
671 744 777 803 astutis
802 743 969 822 theologus,
996 745 1126 822 negotiis
1136 742 1323 822 gravissimis
1332 744 1399 821 ejus
1413 745 1555 803 utebatur
1570 763 1640 802 con-

328 834 467 910 princeps
493 833 647 892 literarum
671 834 703 891 in
728 851 820 910 regno
844 833 970 892 ibsnco·
998 834 1065 892 silio
1096 852 1210 893 necnon
1241 837 1273 892 et
1302 835 1422 893 calamo.
1458 833 1640 908 Praecipuus

327 941 396 981 rum
411 925 603 992 restaurator,
628 921 685 992 ,fex
702 922 815 990 seculi,
838 926 875 982 ut
897 923 970 982 dioi-
998 923 1105 982 merito
1121 923 1180 982 dici
1196 925 1296 998 potest
1306 923 1449 986 Oarolibl.
1465 923 1641 982 administer

327 1015 379 1070 tur
395 1031 412 1069 a
427 1011 597 1071 Berouio
613 1010 650 1069 sd
666 1031 691 1074 a.
710 1019 782 1082 802,
810 1012 970 1087 multipiici
998 1013 1030 1070 in
1055 1013 1253 1087 promovendo
1278 1012 1355 1070 bono
1380 1012 1499 1087 publico
1530 1012 1563 1070 in
1593 1015 1640 1070 tot

327 1100 419 1160 titulo
435 1119 452 1159 s
466 1100 554 1160 nobis
569 1100 843 1159 commemorandus
861 1104 891 1160 et
906 1101 969 1160 leu·
997 1101 1158 1176 provinciis
1181 1101 1264 1159 illius
1280 1100 1404 1176 imperio
1420 1101 1562 1175 san'ectis
1578 1104 1641 1159 tam

327 1189 454 1249 dandus.
487 1189 585 1249 Natus
610 1193 656 1248 est
680 1190 825 1248 Alcuinus
849 1186 969 1272 (cogno-
998 1189 1031 1248 in
1047 1189 1151 1249 ordine
1166 1189 1307 1267 religioso
1320 1190 1560 1264 quemliterario.
1584 1191 1640 1248 Re·

325 1279 461 1338 minstus
476 1278 555 1338 inter
564 1278 724 1338 familiares
741 1280 826 1338 aulae
841 1283 871 1338 et
886 1280 969 1338 schc·
998 1277 1055 1336 diit
1077 1278 1262 1355 aliquamdiu
1284 1280 1316 1337 in
1338 1279 1477 1356 Angliem
1498 1274 1575 1360 (789
1594 1280 1641 1338 vel

327 1368 676 1446 lseregiaeFlacous),
689 1367 968 1445 nobilistirpeEbo-
1000 1363 1086 1450 790),
1097 1387 1157 1443 qua
1166 1367 1444 1427 occasionenomiue
1455 1368 1550 1428 caroli
1559 1368 1640 1446 regis

326 1457 387 1518 raci
405 1458 436 1516 in
453 1457 562 1534 Anglia
577 1475 601 1516 c.
617 1477 642 1516 s.
654 1467 726 1521 735.
750 1459 775 1516 A
792 1457 921 1533 pueritia
937 1458 969 1516 in
997 1456 1140 1516 tractavit
1155 1475 1223 1516 cum
1236 1457 1486 1517 Offsbterciorum
1502 1476 1572 1534 rege
1587 1476 1640 1516 ne·

326 1547 509 1606 monasterio
525 1547 668 1605 educatus
685 1546 813 1606 sobolem
829 1547 968 1622 frequen·
997 1546 1079 1622 gotia
1094 1546 1224 1621 politice.
1248 1546 1412 1604 Revocatus
1422 1546 1518 1606 Caroli
1529 1547 1640 1605 iterum

327 1635 538 1712 teritEgberti
553 1637 656 1711 postea
671 1635 882 1712 archiepiscopi
898 1636 968 1696 cbo·
997 1653 1028 1694 se
1044 1637 1142 1694 totum
1157 1634 1272 1694 addixit
1280 1634 1425 1710 obsequio
1436 1631 1537 1717 (793),
1554 1653 1640 1711 prae·

326 1725 456 1784 recensis
480 1722 510 1802 (†
533 1717 620 1805 766).
655 1724 826 1800 Discipulos
849 1729 914 1784 erat
937 1726 969 1784 in
997 1724 1102 1783 sertim
1111 1725 1144 1782 in
1152 1724 1281 1801 negotiis
1291 1723 1506 1796 ecclesiasticis,
1523 1727 1640 1783 contro·

326 1813 433 1890 primis
456 1813 598 1885 delberti,
623 1831 712 1888 quem
734 1815 856 1872 Romam
880 1815 969 1890 profi·
998 1813 1105 1873 versiis
1120 1813 1199 1885 fidei,
1225 1813 1435 1873 reformatione
1459 1813 1538 1883 cleri,
1562 1813 1639 1872 chri-

327 1903 484 1963 cisoentem
501 1901 660 1962 comitiatus
683 1905 735 1965 est.
768 1905 797 1962 Is
820 1921 888 1962 cum
909 1904 967 1980 Eg·
996 1903 1094 1961 stiena
1108 1902 1213 1978 populi
1235 1901 1435 1966 institutione.
1465 1902 1533 1962 Jam
1555 1921 1640 1962 sene·

327 1993 413 2050 berto
430 1991 462 2050 in
485 1991 538 2050 illa
557 1993 750 2052 successisset
766 1993 843 2067 sede,
868 1993 967 2053 Alcui·
997 2009 1082 2051 scens
1098 1991 1187 2067 petiit
1202 1991 1240 2050 ab
1255 1992 1325 2049 aula
1348 1991 1527 2063 missionem,
1551 2011 1640 2068 quam

326 2099 400 2140 num
424 2080 456 2138 in
478 2080 607 2157 regenda
630 2081 730 2141 schola
745 2083 776 2140 et
791 2081 970 2142 bibliotheca
996 2099 1048 2140 rex
1064 2099 1151 2157 aegre
1166 2081 1286 2139 demum
1302 2081 1454 2142 concessit.
1478 2081 1555 2140 Eum
1571 2099 1640 2140 con·

327 2169 385 2230 sibi
417 2169 586 2232 substituit.
627 2169 746 2230 Vestem
777 2169 916 2230 indueret
946 2191 969 2230 s.
997 2170 1100 2228 stituit
1129 2170 1265 2228 abbatem
1296 2170 1467 2228 monasterii
1508 2189 1530 2228 s.
1562 2170 1639 2228 liar·

326 2257 490 2330 Benedicti,
507 2258 559 2319 sed
569 2259 703 2318 ordinem
714 2259 873 2319 diaconatu
883 2259 969 2320 altio·
996 2255 1155 2340 tinioso)
1166 2259 1291 2327 Timone,
1303 2259 1484 2335 ubispernit
1500 2259 1639 2327 scholam,

323 2367 390 2406 rem
413 2365 566 2422 nunqnam
591 2349 712 2424 accepit.
749 2349 795 2407 Ab
818 2348 969 2408 Eanbaldo
997 2367 1074 2424 quse
1089 2367 1156 2406 mor
1179 2347 1321 2407 inclaruit
1329 2345 1351 2428 ¹)
1375 2350 1404 2406 ct
1426 2348 1640 2406 monasterium

325 2437 462 2496 Aelberti
472 2455 640 2497 successore
651 2437 771 2496 Romam
789 2441 836 2496 est
860 2439 969 2498 missus
997 2438 1179 2501 reformavit.
1201 2438 1259 2495 Pro
1269 2436 1454 2506 monasterio,
1470 2438 1551 2513 qnod
1561 2437 1639 2496 aedi·

325 2545 380 2602 pro
397 2526 559 2585 obtinendo
574 2527 665 2602 pallio
683 2523 783 2607 (780).
814 2529 850 2586 In
870 2528 970 2586 reditu
998 2527 1137 2585 libaverat
1158 2531 1189 2584 et
1211 2525 1259 2585 cui
1283 2531 1329 2584 est
1353 2545 1461 2584 nomen
1484 2527 1641 2586 cormarici

325 2616 448 2674 Parmae
465 2618 594 2674 occurrit
604 2615 706 2676 carolo
717 2617 763 2686 M,
781 2617 833 2690 qui
849 2636 917 2676 enm
933 2617 970 2676 sd
996 2609 1193 2698 (cormarine)
1209 2615 1314 2672 obnixe
1331 2615 1497 2689 postulavit
1511 2637 1529 2674 a
1544 2635 1567 2678 s.
1583 2618 1639 2674 Be·

321 2723 413 2764 snam
424 2704 566 2763 invitavit
581 2705 680 2764 aulem
696 2725 750 2782 pro
767 2707 969 2766 restaurandis
998 2705 1117 2764 nedicto
1127 2705 1234 2762 abbate
1244 2704 1399 2762 ouunieusi
1411 2703 1470 2762 sibi
1480 2705 1640 2765 monachos

326 2793 439 2868 ubique
455 2812 508 2869 per
522 2813 607 2854 suam
616 2793 765 2854 ditionem
776 2795 885 2854 studiis
901 2795 969 2855 lite·
998 2793 1071 2863 deri,
1096 2793 1144 2852 cui
1166 2813 1233 2852 cum
1255 2812 1322 2856 ven.
1338 2797 1422 2868 peter
1437 2793 1576 2867 protinus
1592 2812 1639 2851 as-

326 2881 423 2941 rariis.
455 2881 549 2941 Venia
572 2903 590 2942 s
612 2901 666 2943 suo
682 2883 902 2961 archiepiscopo
918 2886 969 2944 ob·
997 2902 1118 2942 sensnm
1131 2881 1329 2959 praebuisset,
1349 2881 1456 2958 viginti
1472 2899 1539 2940 cum
1556 2900 1638 2956 prae·

325 2974 410 3030 tenta
423 2989 492 3030 cum
502 2974 631 3048 quatuor
641 2973 703 3032 suis
714 2973 868 3048 discipulis
878 2974 968 3044 wizo,
996 2973 1056 3032 luto
1080 2972 1139 3030 sibi
1161 2971 1304 3048 magistro
1323 2970 1421 3028 misit:
1447 2969 1484 3029 ad
1509 2988 1639 3047 quorum

326 3060 495 3138 Fridugiso,
519 3061 572 3136 qni
595 3060 692 3120 factus
715 3065 761 3121 est
776 3063 969 3122 cancellarius
998 3059 1639 3136 bonumconversationisexemplummagna

326 3150 444 3226 imperii
461 3145 673 3232 (sle-832),
690 3150 814 3228 Sigulfo,
831 3153 884 3227 qui
901 3171 968 3211 suo·
996 3154 1212 3226 estoggregate
1219 3144 1640 3230 multitudomonachorum2).

324 3238 415 3297 cessit
431 3239 557 3298 Alcuiuo
580 3239 612 3298 in
636 3241 779 3316 regimine
796 3241 969 3300 monasterii

326 3328 511 3387 ferrariensis
528 3324 712 3410 (Ferrieres),
737 3332 767 3387 et
783 3330 894 3401 Osulfo,
917 3331 969 3405 qui
996 3358 1159 3428 (sss-804)
1174 3354 1377 3416 Macarius,
1392 3353 1562 3424 psidugiw,
1576 3355 1640 3407 N„

325 3418 539 3492 exspectationi
553 3417 691 3492 magistri
706 3418 754 3476 sui
770 3437 829 3477 non
845 3437 967 3495 respon·
996 3428 1163 3492 thanael,
1177 3428 1254 3481 Arno
1264 3425 1498 3496 archiepiscopus
1507 3425 1641 3480 sclisbur·

326 3506 380 3576 dit,
412 3507 444 3565 in
466 3507 644 3582 obsequium
668 3507 790 3565 transiit
812 3509 908 3567 Caroli
931 3510 967 3568 bi.
996 3497 1092 3570 §0¹¹⁸st
1106 3501 1130 3569 (i
1143 3501 1205 3571 821)
1220 3497 1371 3567 Aquila,
1391 3497 1521 3568 Sissulfffl
1535 3498 1641 3551 ΜΠ·

328 3593 430 3676 ec·
448 3595 501 3670 si
603 3595 746 3673 aem
760 3597 968 3698 scioessa·
995 3568 1641 3707 sciscitetissescus:

326 3684 416 3784 fimes
439 3686 472 3742 in
494 3703 554 3760 ‘lua
572 3685 804 3784 instituerim?
819 3685 967 3784 Pfin⁰²pe³
996 3698 1198 3782 eiuscogucte,
1212 3712 1432 3768 Eulaliaetc
1447 3713 1489 3773 Cf,
1504 3712 1640 3768 Oebeke

323 3773 554 3848 juventutisque
577 3773 639 3832 flos.
673 3775 811 3833 Primarii
827 3775 968 3850 discipuli
996 3785 1031 3839 de
1044 3783 1192 3838 academie
1205 3785 1299 3839 Caroli
1312 3785 1359 3846 bl,
1377 3784 1475 3855 Progr.
1498 3783 1643 3855 gymnasii

326 3867 358 3920 et
372 3863 492 3921 Alcuini
508 3863 667 3922 familiares
683 3864 906 3922 constituebant
921 3883 968 3923 oo·
997 3855 1125 3926 aqussgf·
1144 3860 1219 3912 ¹84⁷·

327 3969 429 4010 ronam
453 3952 499 4010 vel
523 3951 702 4010 academiam
725 3953 895 4025 literariam,
921 3955 968 4012 cui
1012 3997 1016 4007 .
1037 3930 1055 3997 ¹)
1070 3925 1214 3991 Quantum
1231 3928 1322 4009 f'ffian}
1343 3926 1456 3980 Tamne
1476 3927 1584 3996 degenfl
1605 3927 1639 3980 ‘¹⁹

890 4043 895 4054 .
998 3998 1146 4052 l1terarum
1161 3999 1257 4052 studio
1270 3999 1379 4065 ubique
1392 3997 1587 4068 promovendo
1601 3998 1640 4050 lu-

327 4041 492 4140 ᾗῦῗθῖβῐθῑή
512 4039 569 4114 ipsi
586 4041 672 4142 ⁸9¹⁸ss
688 4041 787 4118 1'08530
803 4041 967 4143 Psinffll’es}
998 4069 1151 4132 boraverit,
1164 4070 1328 4139 colligimus
1341 4085 1375 4122 ex
1389 4070 1450 4138 ejus
1463 4070 1500 4122 ad
1511 4068 1641 4124 carolum

327 4149 387 4188 uno
404 4149 467 4204 ipse
486 4147 546 4198 rex,
569 4149 622 4204 qur
645 4149 713 4188 eum
731 4133 867 4206 suspexit
883 4151 968 4206 qussi
997 4140 1035 4194 M.
1049 4157 1093 4210 ep.
1107 4145 1179 4212 (tslz
1194 4141 1271 4210 „Ego
1285 4157 1351 4194 vero
1365 4140 1483 4194 Flaccus
1496 4144 1589 4193 vester
1601 4157 1641 4193 se-

327 4219 505 4294 mggistmm
514 4219 588 4277 θεαὶ)
596 4237 630 4278 00
638 4220 772 4278 voluitjn
780 4221 896 4279 „tibus
907 4239 968 4278 om.
997 4212 1124 4266 cundum
1136 4211 1363 4266 exhortationem
1384 4213 1413 4264 et
1425 4213 1530 4266 bouum
1544 4211 1642 4265 volun·

326 4307 968 4378 nibusliberalibusinitiari‚binceumsuum
998 4281 1641 4423 ἓξοῗῧὲἓξᾞὲἳιξὲῗὲὧῗτξζξἑίἓζὲὲξῖ

327 4395 503 4496 ”fagismm
540 4396 732 4466 ’delmiffium‘
749 4487 754 4498 Ι
771 4399 968 4474 ⁰⁰mpellfllii'v
998 4429 1108 4495 satago,
1121 4426 1193 4481 alios
1206 4426 1301 4479 vetere
1314 4426 1501 4492 antiquarum
1514 4424 1640 4494 discipli-

328 4485 424 4544 erdem
435 4485 537 4544 adesse
553 4505 611 4544 non
628 4489 674 4544 est
690 4487 868 4564 dedignatus
878 4485 909 4568 ¹).
935 4489 970 4546 In
997 4515 1101 4551 narum
1113 4513 1190 4553 mero
1196 4496 1340 4550 inebriare
1347 4497 1457 4562 studeo,
1469 4496 1541 4550 alios
1550 4513 1641 4566 gram-

998 4569 1121 4624 maticae
1134 4567 1304 4623 subtilitatis
1317 4566 1445 4620 enutrirc
1465 4566 1559 4636 pomis
1571 4566 1641 4620 inci—

368 4643 385 4708 ¹)
399 4637 433 4690 In
447 4653 480 4691 ea
493 4654 521 4690 se
542 4643 642 4694 mutuo
658 4641 784 4694 veterum
806 4639 971 4695 riciniuibus
999 4641 1086 4711 piam.
1100 4640 1239 4706 quosdam
1259 4638 1407 4694 stellarum
1429 4639 1528 4692 ordine
1543 4671 1574 4679 —
1590 4654 1640 4690 ceu

327 4708 547 4778 compellebant.
572 4711 636 4780 Ipse
662 4727 709 4764 rex
735 4711 830 4766 dictus
850 4715 892 4765 est
911 4713 971 4766 Da·
999 4713 1092 4782 pictor
1115 4711 1236 4765 cuilibet
1256 4711 1440 4778 magnifica-re
1462 4710 1564 4762 domus
1584 4710 1641 4762 cul·

327 4779 399 4840 vid,
413 4779 520 4833 Alcuin
541 4781 677 4837 Fluccu
687 4799 707 4846 s,
731 4783 857 4839 Einhard
872 4784 971 4837 Besc·
999 4783 1078 4836 minc
1091 4815 1125 4822 -
1138 4781 1305 4837 illuminare
1319 4781 1419 4849 gestio,
1440 4781 1566 4850 plurima
1578 4781 1641 4848 plu-

326 4849 409 4916 leel,
435 4849 565 4906 Riculfus
590 4853 797 4916 Damoetas,
828 4856 970 4909 Beorurad
998 4854 1194 4915 rimisfuctus,
1215 4857 1248 4906 ut
1266 4852 1407 4923 plurimos
1426 4853 1463 4904 ad
1482 4852 1641 4922 profectum

328 4924 495 4977 senonensis
520 4923 598 4978 Sem
608 4924 678 4988 uel,
701 4928 887 4998 Augilbertus
910 4927 971 4980 Ho-
999 4927 1114 4979 sanctae
1128 4925 1179 4978 Dei
1196 4923 1335 4979 Ecclesiae
1356 4927 1386 4976 et
1398 4923 1433 4976 sd
1447 4924 1577 4978 decorem
1592 4923 1642 4976 im-

327 5010 458 5057 merus,
480 4995 625 5050 sindulfus
646 4996 842 5062 Menalcas,
865 4998 971 5064 lisuni-
998 4997 1115 5068 perialis
1128 4997 1210 5063 regni
1224 4996 1311 5050 vestri
1324 4995 1462 5049 erudiam.

327 5064 420 5120 fridus
452 5065 621 5134 Thyrsis,
654 5067 735 5123 Wizo
768 5069 971 5128 [lrsndidus.
1039 5069 1338 5123 ²rltsncrrst.lrdo
1360 5065 1642 5134 eeub'urarsgdusiu

328 5134 575 5192 Richohodus
615 5139 766 5212 episcopus
807 5140 971 5194 trevirensis
1000 5139 1511 5194 vites.llerredietieb.anan.n.3tl.
