<?xml version="1.0" encoding="UTF-8"?>
<!DOCTYPE html PUBLIC "-//W3C//DTD XHTML 1.0 Transitional//EN"
    "http://www.w3.org/TR/xhtml1/DTD/xhtml1-transitional.dtd">
<html xmlns="http://www.w3.org/1999/xhtml" xml:lang="en" lang="en">
 <head>
  <title>
</title>
<meta http-equiv="Content-Type" content="text/html;charset=utf-8" />
  <meta name='ocr-system' content='tesseract 3.04.00' />
  <meta name='ocr-capabilities' content='ocr_page ocr_carea ocr_par ocr_line ocrx_word'/>
</head>
<body>
  <div class='ocr_page' id='page_1' title='image "./nomenclatorlite02hurtgoog/nomenclatorlite02hurtgoog_0113.png"; bbox 0 0 4117 5842; ppageno 0'>
   <div class='ocr_carea' id='block_1_1' title="bbox 324 529 1631 614">
    <p class='ocr_par' dir='ltr' id='par_1_1' title="bbox 324 529 1631 614">
     <span class='ocr_line' id='line_1_1' title="bbox 324 529 1631 614; baseline 0.002 -29"><span class='ocrx_word' id='word_1_1' title='bbox 324 549 386 604; x_wconf 75' lang='lat'>135</span> <span class='ocrx_word' id='word_1_2' title='bbox 718 529 791 601; x_wconf 82' lang='lat' dir='ltr'>Ejus</span> <span class='ocrx_word' id='word_1_3' title='bbox 802 547 889 603; x_wconf 85' lang='lat' dir='ltr'>opera</span> <span class='ocrx_word' id='word_1_4' title='bbox 901 534 1049 606; x_wconf 78' lang='lat' dir='ltr'>exegetica</span> <span class='ocrx_word' id='word_1_5' title='bbox 1062 538 1092 590; x_wconf 87' lang='lat' dir='ltr'>et</span> <span class='ocrx_word' id='word_1_6' title='bbox 1103 535 1233 590; x_wconf 86' lang='lat' dir='ltr'>moralia.</span> <span class='ocrx_word' id='word_1_7' title='bbox 1570 557 1631 614; x_wconf 66' lang='lat'>135</span> 
     </span>
    </p>
   </div>
   <div class='ocr_carea' id='block_1_2' title="bbox 304 718 1633 4808">
    <p class='ocr_par' dir='ltr' id='par_1_2' title="bbox 304 718 1633 4808">
     <span class='ocr_line' id='line_1_2' title="bbox 368 718 1632 801; baseline 0.004 -21"><span class='ocrx_word' id='word_1_8' title='bbox 368 718 962 794; x_wconf 77' lang='lat' dir='ltr'>98.Preecellnntejusopsramorslia,</span> <span class='ocrx_word' id='word_1_9' title='bbox 1039 729 1088 784; x_wconf 80' lang='lat'>99.</span> <span class='ocrx_word' id='word_1_10' title='bbox 1105 721 1226 782; x_wconf 86' lang='lat' dir='ltr'>Praeter</span> <span class='ocrx_word' id='word_1_11' title='bbox 1234 739 1389 792; x_wconf 83' lang='lat' dir='ltr'>sermones,</span> <span class='ocrx_word' id='word_1_12' title='bbox 1402 741 1437 782; x_wconf 83' lang='lat' dir='ltr'>er</span> <span class='ocrx_word' id='word_1_13' title='bbox 1447 724 1557 799; x_wconf 83' lang='lat' dir='ltr'>quibus</span> <span class='ocrx_word' id='word_1_14' title='bbox 1566 726 1632 801; x_wconf 89' lang='lat' dir='ltr'>ple·</span> 
     </span>
     <span class='ocr_line' id='line_1_3' title="bbox 319 806 1631 890; baseline 0.005 -24"><span class='ocrx_word' id='word_1_15' title='bbox 319 806 490 882; x_wconf 87' lang='lat' dir='ltr'>cujusmodi</span> <span class='ocrx_word' id='word_1_16' title='bbox 521 808 594 866; x_wconf 89' lang='lat' dir='ltr'>sunt</span> <span class='ocrx_word' id='word_1_17' title='bbox 621 806 692 866; x_wconf 90' lang='lat' dir='ltr'>libri</span> <span class='ocrx_word' id='word_1_18' title='bbox 715 811 777 868; x_wconf 86' lang='lat' dir='ltr'>tres</span> <span class='ocrx_word' id='word_1_19' title='bbox 798 809 834 867; x_wconf 77' lang='lat' dir='ltr'>rie</span> <span class='ocrx_word' id='word_1_20' title='bbox 857 810 964 884; x_wconf 73' lang='lat' dir='ltr'>officiis</span> <span class='ocrx_word' id='word_1_21' title='bbox 990 827 1082 885; x_wconf 84' lang='lat' dir='ltr'>reque</span> <span class='ocrx_word' id='word_1_22' title='bbox 1107 827 1129 872; x_wconf 88' lang='lat' dir='ltr'>s.</span> <span class='ocrx_word' id='word_1_23' title='bbox 1154 809 1304 870; x_wconf 75' lang='lat' dir='ltr'>Ambrosii</span> <span class='ocrx_word' id='word_1_24' title='bbox 1334 811 1508 888; x_wconf 86' lang='lat' dir='ltr'>prodierunt</span> <span class='ocrx_word' id='word_1_25' title='bbox 1533 831 1631 890; x_wconf 86' lang='lat' dir='ltr'>opera,</span> 
     </span>
     <span class='ocr_line' id='line_1_4' title="bbox 319 896 1631 978; baseline 0.006 -24"><span class='ocrx_word' id='word_1_26' title='bbox 319 896 525 956; x_wconf 64' lang='lat' dir='ltr'>mmiatrorum</span> <span class='ocrx_word' id='word_1_27' title='bbox 539 896 602 955; x_wconf 82' lang='lat' dir='ltr'>scil</span> <span class='ocrx_word' id='word_1_28' title='bbox 617 896 833 978; x_wconf 61' lang='lat' dir='ltr'>stauarum),</span> <span class='ocrx_word' id='word_1_29' title='bbox 848 898 880 958; x_wconf 92' lang='lat' dir='ltr'>iu</span> <span class='ocrx_word' id='word_1_30' title='bbox 895 898 962 972; x_wconf 92' lang='lat' dir='ltr'>qui·</span> <span class='ocrx_word' id='word_1_31' title='bbox 989 917 1061 974; x_wconf 88' lang='lat' dir='ltr'>pras</span> <span class='ocrx_word' id='word_1_32' title='bbox 1091 898 1196 978; x_wconf 88' lang='lat' dir='ltr'>primis</span> <span class='ocrx_word' id='word_1_33' title='bbox 1220 901 1401 962; x_wconf 85' lang='lat' dir='ltr'>memorandi</span> <span class='ocrx_word' id='word_1_34' title='bbox 1424 901 1520 961; x_wconf 84' lang='lat' dir='ltr'>adhuc</span> <span class='ocrx_word' id='word_1_35' title='bbox 1543 907 1631 970; x_wconf 84' lang='lat' dir='ltr'>suut:</span> 
     </span>
     <span class='ocr_line' id='line_1_5' title="bbox 319 985 1632 1055; baseline 0.008 -11"><span class='ocrx_word' id='word_1_36' title='bbox 319 985 378 1044; x_wconf 86' lang='lat' dir='ltr'>bus</span> <span class='ocrx_word' id='word_1_37' title='bbox 403 985 604 1047; x_wconf 77' lang='lat' dir='ltr'>Ciceronis</span> <span class='ocrx_word' id='word_1_38' title='bbox 626 985 670 1044; x_wconf 84' lang='lat' dir='ltr'>de</span> <span class='ocrx_word' id='word_1_39' title='bbox 695 985 848 1046; x_wconf 80' lang='lat' dir='ltr'>officiis</span> <span class='ocrx_word' id='word_1_40' title='bbox 871 985 963 1046; x_wconf 90' lang='lat' dir='ltr'>libros</span> <span class='ocrx_word' id='word_1_41' title='bbox 989 987 1092 1046; x_wconf 65' lang='lat' dir='ltr'>Sumo</span> <span class='ocrx_word' id='word_1_42' title='bbox 1115 995 1215 1048; x_wconf 83' lang='lat' dir='ltr'>contra</span> <span class='ocrx_word' id='word_1_43' title='bbox 1238 990 1419 1053; x_wconf 72' lang='lat' dir='ltr'><strong><em>Auxentium</em></strong></span> <span class='ocrx_word' id='word_1_44' title='bbox 1443 990 1480 1050; x_wconf 90' lang='lat' dir='ltr'>de</span> <span class='ocrx_word' id='word_1_45' title='bbox 1501 991 1632 1055; x_wconf 70' lang='lat' dir='ltr'>basilicis</span> 
     </span>
     <span class='ocr_line' id='line_1_6' title="bbox 318 1071 1630 1159; baseline 0.007 -26"><span class='ocrx_word' id='word_1_46' title='bbox 318 1074 488 1151; x_wconf 86' lang='lat' dir='ltr'>sequendos</span> <span class='ocrx_word' id='word_1_47' title='bbox 496 1073 556 1134; x_wconf 91' lang='lat' dir='ltr'>sibi</span> <span class='ocrx_word' id='word_1_48' title='bbox 565 1075 723 1152; x_wconf 86' lang='lat' dir='ltr'>proposuit</span> <span class='ocrx_word' id='word_1_49' title='bbox 736 1079 827 1151; x_wconf 90' lang='lat' dir='ltr'>etque</span> <span class='ocrx_word' id='word_1_50' title='bbox 835 1075 962 1135; x_wconf 89' lang='lat' dir='ltr'>feliciter</span> <span class='ocrx_word' id='word_1_51' title='bbox 989 1076 1142 1138; x_wconf 76' lang='lat' dir='ltr'>tmdendis</span> <span class='ocrx_word' id='word_1_52' title='bbox 1159 1071 1197 1159; x_wconf 85' lang='lat' dir='ltr'>(a.</span> <span class='ocrx_word' id='word_1_53' title='bbox 1215 1075 1301 1158; x_wconf 81' lang='grc'><strong>886),</strong></span> <span class='ocrx_word' id='word_1_54' title='bbox 1326 1078 1359 1138; x_wconf 90' lang='lat' dir='ltr'>in</span> <span class='ocrx_word' id='word_1_55' title='bbox 1375 1097 1434 1154; x_wconf 91' lang='lat' dir='ltr'>quo</span> <span class='ocrx_word' id='word_1_56' title='bbox 1450 1079 1630 1156; x_wconf 83' lang='lat' dir='ltr'>intrepidam</span> 
     </span>
     <span class='ocr_line' id='line_1_7' title="bbox 317 1163 1633 1241; baseline 0.006 -19"><span class='ocrx_word' id='word_1_57' title='bbox 317 1163 527 1241; x_wconf 66' lang='lat' dir='ltr'>sagaciterque</span> <span class='ocrx_word' id='word_1_58' title='bbox 542 1165 823 1227; x_wconf 67' lang='lat' dir='ltr'>estassacutus.‘-</span> <span class='ocrx_word' id='word_1_59' title='bbox 838 1166 963 1226; x_wconf 85' lang='lat' dir='ltr'>Amator</span> <span class='ocrx_word' id='word_1_60' title='bbox 988 1165 1081 1226; x_wconf 84' lang='lat' dir='ltr'>animi</span> <span class='ocrx_word' id='word_1_61' title='bbox 1105 1166 1313 1228; x_wconf 84' lang='lat' dir='ltr'>fortitudinem</span> <span class='ocrx_word' id='word_1_62' title='bbox 1336 1167 1467 1230; x_wconf 86' lang='lat' dir='ltr'>ostendit</span> <span class='ocrx_word' id='word_1_63' title='bbox 1489 1167 1633 1230; x_wconf 85' lang='lat' dir='ltr'>adversus</span> 
     </span>
     <span class='ocr_line' id='line_1_8' title="bbox 317 1252 1629 1334; baseline 0.005 -23"><span class='ocrx_word' id='word_1_64' title='bbox 317 1253 436 1312; x_wconf 77' lang='lat' dir='ltr'>zelosus</span> <span class='ocrx_word' id='word_1_65' title='bbox 458 1252 641 1330; x_wconf 80' lang='lat' dir='ltr'>virginitatis</span> <span class='ocrx_word' id='word_1_66' title='bbox 667 1254 742 1314; x_wconf 85' lang='lat' dir='ltr'>banc</span> <span class='ocrx_word' id='word_1_67' title='bbox 756 1253 874 1315; x_wconf 81' lang='lat' dir='ltr'>iteretis</span> <span class='ocrx_word' id='word_1_68' title='bbox 888 1253 961 1312; x_wconf 83' lang='lat' dir='ltr'>vici·</span> <span class='ocrx_word' id='word_1_69' title='bbox 989 1253 1128 1314; x_wconf 83' lang='lat' dir='ltr'>Justinae</span> <span class='ocrx_word' id='word_1_70' title='bbox 1142 1255 1341 1331; x_wconf 78' lang='lat' dir='ltr'>imperatricis</span> <span class='ocrx_word' id='word_1_71' title='bbox 1356 1257 1477 1318; x_wconf 85' lang='lat' dir='ltr'>Arianis</span> <span class='ocrx_word' id='word_1_72' title='bbox 1493 1277 1546 1334; x_wconf 90' lang='lat' dir='ltr'>pro</span> <span class='ocrx_word' id='word_1_73' title='bbox 1556 1257 1629 1320; x_wconf 82' lang='lat' dir='ltr'>riri-</span> 
     </span>
     <span class='ocr_line' id='line_1_9' title="bbox 317 1339 1630 1420; baseline 0.006 -20"><span class='ocrx_word' id='word_1_74' title='bbox 317 1341 378 1400; x_wconf 85' lang='lat' dir='ltr'>bus</span> <span class='ocrx_word' id='word_1_75' title='bbox 393 1339 592 1418; x_wconf 71' lang='lat' dir='ltr'>pluribusque</span> <span class='ocrx_word' id='word_1_76' title='bbox 606 1343 792 1402; x_wconf 75' lang='lat' dir='ltr'>sermonibus</span> <span class='ocrx_word' id='word_1_77' title='bbox 807 1343 961 1420; x_wconf 85' lang='lat' dir='ltr'>deprsedi·</span> <span class='ocrx_word' id='word_1_78' title='bbox 987 1343 1046 1404; x_wconf 87' lang='lat' dir='ltr'>bus</span> <span class='ocrx_word' id='word_1_79' title='bbox 1070 1344 1287 1420; x_wconf 84' lang='lat' dir='ltr'>patrocinantis</span> <span class='ocrx_word' id='word_1_80' title='bbox 1311 1362 1411 1417; x_wconf 88' lang='lat' dir='ltr'>ausus,</span> <span class='ocrx_word' id='word_1_81' title='bbox 1437 1364 1505 1408; x_wconf 87' lang='lat' dir='ltr'>cum</span> <span class='ocrx_word' id='word_1_82' title='bbox 1529 1347 1578 1410; x_wconf 85' lang='lat' dir='ltr'>rel</span> <span class='ocrx_word' id='word_1_83' title='bbox 1598 1347 1630 1408; x_wconf 83' lang='lat' dir='ltr'>ri</span> 
     </span>
     <span class='ocr_line' id='line_1_10' title="bbox 317 1431 1633 1512; baseline 0.005 -23"><span class='ocrx_word' id='word_1_84' title='bbox 317 1433 376 1502; x_wconf 88' lang='lat' dir='ltr'>cst,</span> <span class='ocrx_word' id='word_1_85' title='bbox 398 1431 585 1490; x_wconf 83' lang='lat' dir='ltr'>commendat</span> <span class='ocrx_word' id='word_1_86' title='bbox 606 1431 782 1508; x_wconf 81' lang='lat' dir='ltr'>extollitque</span> <span class='ocrx_word' id='word_1_87' title='bbox 803 1434 888 1492; x_wconf 87' lang='lat' dir='ltr'>tento</span> <span class='ocrx_word' id='word_1_88' title='bbox 903 1432 961 1490; x_wconf 86' lang='lat' dir='ltr'>fer·</span> <span class='ocrx_word' id='word_1_89' title='bbox 988 1436 1101 1492; x_wconf 82' lang='lat' dir='ltr'>armata</span> <span class='ocrx_word' id='word_1_90' title='bbox 1110 1433 1201 1494; x_wconf 80' lang='lat' dir='ltr'>vellet</span> <span class='ocrx_word' id='word_1_91' title='bbox 1210 1434 1370 1494; x_wconf 83' lang='lat' dir='ltr'>haereticis·</span> <span class='ocrx_word' id='word_1_92' title='bbox 1380 1434 1542 1506; x_wconf 86' lang='lat' dir='ltr'>basilicam,</span> <span class='ocrx_word' id='word_1_93' title='bbox 1554 1455 1633 1512; x_wconf 87' lang='lat' dir='ltr'>quse</span> 
     </span>
     <span class='ocr_line' id='line_1_11' title="bbox 317 1520 1629 1599; baseline 0.006 -21"><span class='ocrx_word' id='word_1_94' title='bbox 317 1539 390 1579; x_wconf 84' lang='lat' dir='ltr'>rore</span> <span class='ocrx_word' id='word_1_95' title='bbox 405 1523 438 1578; x_wconf 91' lang='lat' dir='ltr'>et</span> <span class='ocrx_word' id='word_1_96' title='bbox 452 1520 563 1591; x_wconf 84' lang='lat' dir='ltr'>fructu,</span> <span class='ocrx_word' id='word_1_97' title='bbox 588 1523 624 1580; x_wconf 89' lang='lat' dir='ltr'>nt</span> <span class='ocrx_word' id='word_1_98' title='bbox 647 1521 758 1580; x_wconf 90' lang='lat' dir='ltr'>multas</span> <span class='ocrx_word' id='word_1_99' title='bbox 781 1522 897 1599; x_wconf 88' lang='lat' dir='ltr'>puellas</span> <span class='ocrx_word' id='word_1_100' title='bbox 912 1522 961 1581; x_wconf 78' lang='lat' dir='ltr'>rel</span> <span class='ocrx_word' id='word_1_101' title='bbox 988 1521 1144 1582; x_wconf 87' lang='lat' dir='ltr'>dicebatur</span> <span class='ocrx_word' id='word_1_102' title='bbox 1166 1531 1294 1594; x_wconf 82' lang='lat' dir='ltr'>‚nova‘,</span> <span class='ocrx_word' id='word_1_103' title='bbox 1317 1523 1442 1586; x_wconf 81' lang='lat' dir='ltr'>trudere.</span> <span class='ocrx_word' id='word_1_104' title='bbox 1473 1525 1574 1584; x_wconf 84' lang='lat' dir='ltr'>Sermo</span> <span class='ocrx_word' id='word_1_105' title='bbox 1597 1527 1629 1586; x_wconf 80' lang='lat' dir='ltr'>in</span> 
     </span>
     <span class='ocr_line' id='line_1_12' title="bbox 316 1610 1632 1690; baseline 0.004 -21"><span class='ocrx_word' id='word_1_106' title='bbox 316 1628 353 1669; x_wconf 82' lang='lat' dir='ltr'>er</span> <span class='ocrx_word' id='word_1_107' title='bbox 384 1610 506 1668; x_wconf 87' lang='lat' dir='ltr'>remotis</span> <span class='ocrx_word' id='word_1_108' title='bbox 532 1610 705 1687; x_wconf 80' lang='lat' dir='ltr'>regionibus</span> <span class='ocrx_word' id='word_1_109' title='bbox 735 1611 772 1669; x_wconf 87' lang='lat' dir='ltr'>ad</span> <span class='ocrx_word' id='word_1_110' title='bbox 796 1611 961 1671; x_wconf 83' lang='lat' dir='ltr'>vovendam</span> <span class='ocrx_word' id='word_1_111' title='bbox 987 1612 1179 1672; x_wconf 78' lang='lat' dir='ltr'>translatione</span> <span class='ocrx_word' id='word_1_112' title='bbox 1192 1612 1385 1690; x_wconf 80' lang='lat' dir='ltr'>reliquiorum</span> <span class='ocrx_word' id='word_1_113' title='bbox 1400 1631 1437 1678; x_wconf 85' lang='lat' dir='ltr'>aa.</span> <span class='ocrx_word' id='word_1_114' title='bbox 1455 1613 1589 1674; x_wconf 66' lang='lat' dir='ltr'>&amp;macrii</span> <span class='ocrx_word' id='word_1_115' title='bbox 1603 1622 1632 1674; x_wconf 83' lang='lat' dir='ltr'>et</span> 
     </span>
     <span class='ocr_line' id='line_1_13' title="bbox 320 1697 1630 1780; baseline 0.005 -22"><span class='ocrx_word' id='word_1_116' title='bbox 320 1697 528 1775; x_wconf 80' lang='lat' dir='ltr'>virginitatem</span> <span class='ocrx_word' id='word_1_117' title='bbox 537 1698 959 1776; x_wconf 67' lang='lat' dir='ltr'>induxeritmetresquefilis·</span> <span class='ocrx_word' id='word_1_118' title='bbox 988 1700 1630 1780; x_wconf 68' lang='lat' dir='ltr'>Retecti,quasillosngusticrumtcmpcre</span> 
     </span>
     <span class='ocr_line' id='line_1_14' title="bbox 316 1788 1629 1870; baseline 0.005 -24"><span class='ocrx_word' id='word_1_119' title='bbox 316 1788 376 1846; x_wconf 85' lang='lat' dir='ltr'>bus</span> <span class='ocrx_word' id='word_1_120' title='bbox 391 1805 453 1846; x_wconf 91' lang='lat' dir='ltr'>non</span> <span class='ocrx_word' id='word_1_121' title='bbox 466 1788 676 1864; x_wconf 70' lang='lat' dir='ltr'>permitterent</span> <span class='ocrx_word' id='word_1_122' title='bbox 692 1789 795 1848; x_wconf 82' lang='lat' dir='ltr'>audire</span> <span class='ocrx_word' id='word_1_123' title='bbox 811 1789 961 1849; x_wconf 81' lang='lat' dir='ltr'>Ambrosii</span> <span class='ocrx_word' id='word_1_124' title='bbox 988 1789 1049 1848; x_wconf 87' lang='lat' dir='ltr'>Deo</span> <span class='ocrx_word' id='word_1_125' title='bbox 1074 1789 1224 1850; x_wconf 83' lang='lat' dir='ltr'>revelante</span> <span class='ocrx_word' id='word_1_126' title='bbox 1239 1791 1358 1866; x_wconf 80' lang='lat' dir='ltr'>reperit</span> <span class='ocrx_word' id='word_1_127' title='bbox 1388 1791 1424 1850; x_wconf 92' lang='lat' dir='ltr'>In</span> <span class='ocrx_word' id='word_1_128' title='bbox 1446 1810 1480 1852; x_wconf 88' lang='lat' dir='ltr'>eo</span> <span class='ocrx_word' id='word_1_129' title='bbox 1502 1791 1629 1870; x_wconf 79' lang='lat' dir='ltr'>gloriam</span> 
     </span>
     <span class='ocr_line' id='line_1_15' title="bbox 315 1877 1627 1954; baseline 0.004 -19"><span class='ocrx_word' id='word_1_130' title='bbox 315 1877 548 1936; x_wconf 66' lang='lat' dir='ltr'>exhortationes.</span> <span class='ocrx_word' id='word_1_131' title='bbox 568 1877 611 1936; x_wconf 78' lang='lat' dir='ltr'>Er</span> <span class='ocrx_word' id='word_1_132' title='bbox 627 1879 673 1937; x_wconf 88' lang='lat' dir='ltr'>his</span> <span class='ocrx_word' id='word_1_133' title='bbox 689 1878 876 1938; x_wconf 88' lang='lat' dir='ltr'>sermonibus</span> <span class='ocrx_word' id='word_1_134' title='bbox 890 1897 959 1954; x_wconf 91' lang='lat' dir='ltr'>pro·</span> <span class='ocrx_word' id='word_1_135' title='bbox 987 1881 1157 1940; x_wconf 87' lang='lat' dir='ltr'>sanctorum</span> <span class='ocrx_word' id='word_1_136' title='bbox 1173 1879 1249 1942; x_wconf 78' lang='lat' dir='ltr'>fusis</span> <span class='ocrx_word' id='word_1_137' title='bbox 1266 1880 1406 1940; x_wconf 86' lang='lat' dir='ltr'>laudibus</span> <span class='ocrx_word' id='word_1_138' title='bbox 1422 1881 1560 1952; x_wconf 87' lang='lat' dir='ltr'>celebrat,</span> <span class='ocrx_word' id='word_1_139' title='bbox 1574 1881 1627 1940; x_wconf 91' lang='lat' dir='ltr'>mi·</span> 
     </span>
     <span class='ocr_line' id='line_1_16' title="bbox 316 1965 1630 2046; baseline 0.005 -22"><span class='ocrx_word' id='word_1_140' title='bbox 316 1965 440 2024; x_wconf 86' lang='lat' dir='ltr'>dierunt</span> <span class='ocrx_word' id='word_1_141' title='bbox 455 1967 488 2025; x_wconf 89' lang='lat' dir='ltr'>ll.</span> <span class='ocrx_word' id='word_1_142' title='bbox 508 1968 571 2025; x_wconf 87' lang='lat' dir='ltr'>tres</span> <span class='ocrx_word' id='word_1_143' title='bbox 592 1967 627 2025; x_wconf 80' lang='lat' dir='ltr'>de</span> <span class='ocrx_word' id='word_1_144' title='bbox 648 1968 808 2044; x_wconf 75' lang='lat' dir='ltr'>cirpinitce</span> <span class='ocrx_word' id='word_1_145' title='bbox 829 1968 866 2028; x_wconf 85' lang='lat' dir='ltr'>ed</span> <span class='ocrx_word' id='word_1_146' title='bbox 881 1970 959 2027; x_wconf 87' lang='lat' dir='ltr'>Mar·</span> <span class='ocrx_word' id='word_1_147' title='bbox 987 1967 1088 2028; x_wconf 84' lang='lat' dir='ltr'>recula</span> <span class='ocrx_word' id='word_1_148' title='bbox 1102 1986 1156 2044; x_wconf 87' lang='lat' dir='ltr'>per</span> <span class='ocrx_word' id='word_1_149' title='bbox 1170 1968 1245 2028; x_wconf 86' lang='lat' dir='ltr'>istas</span> <span class='ocrx_word' id='word_1_150' title='bbox 1260 1968 1402 2044; x_wconf 84' lang='lat' dir='ltr'>reliquias</span> <span class='ocrx_word' id='word_1_151' title='bbox 1428 1972 1544 2046; x_wconf 87' lang='lat' dir='ltr'>patrata</span> <span class='ocrx_word' id='word_1_152' title='bbox 1559 1988 1630 2030; x_wconf 88' lang='lat' dir='ltr'>nar·</span> 
     </span>
     <span class='ocr_line' id='line_1_17' title="bbox 315 2055 1628 2135; baseline 0.008 -23"><span class='ocrx_word' id='word_1_153' title='bbox 315 2055 455 2113; x_wconf 81' lang='lat' dir='ltr'>collinam</span> <span class='ocrx_word' id='word_1_154' title='bbox 469 2073 610 2126; x_wconf 87' lang='lat' dir='ltr'>sororem,</span> <span class='ocrx_word' id='word_1_155' title='bbox 622 2057 658 2115; x_wconf 88' lang='lat' dir='ltr'>de</span> <span class='ocrx_word' id='word_1_156' title='bbox 667 2074 726 2134; x_wconf 91' lang='lat' dir='ltr'>quo</span> <span class='ocrx_word' id='word_1_157' title='bbox 737 2075 826 2132; x_wconf 88' lang='lat' dir='ltr'>opere</span> <span class='ocrx_word' id='word_1_158' title='bbox 842 2077 866 2121; x_wconf 86' lang='lat' dir='ltr'>e.</span> <span class='ocrx_word' id='word_1_159' title='bbox 875 2056 959 2118; x_wconf 89' lang='lat' dir='ltr'>His·</span> <span class='ocrx_word' id='word_1_160' title='bbox 986 2059 1035 2116; x_wconf 85' lang='lat' dir='ltr'>rat</span> <span class='ocrx_word' id='word_1_161' title='bbox 1049 2059 1140 2133; x_wconf 87' lang='lat' dir='ltr'>atque</span> <span class='ocrx_word' id='word_1_162' title='bbox 1156 2057 1290 2119; x_wconf 86' lang='lat' dir='ltr'>defendit</span> <span class='ocrx_word' id='word_1_163' title='bbox 1304 2058 1461 2135; x_wconf 86' lang='lat' dir='ltr'>plebisque</span> <span class='ocrx_word' id='word_1_164' title='bbox 1470 2059 1584 2120; x_wconf 87' lang='lat' dir='ltr'>animos</span> <span class='ocrx_word' id='word_1_165' title='bbox 1596 2059 1628 2122; x_wconf 86' lang='lat' dir='ltr'>in</span> 
     </span>
     <span class='ocr_line' id='line_1_18' title="bbox 315 2145 1628 2223; baseline 0.004 -22"><span class='ocrx_word' id='word_1_166' title='bbox 315 2162 505 2220; x_wconf 79' lang='lat' dir='ltr'>ronymus</span> <span class='ocrx_word' id='word_1_167' title='bbox 528 2163 575 2220; x_wconf 92' lang='lat' dir='ltr'>ep.</span> <span class='ocrx_word' id='word_1_168' title='bbox 594 2153 632 2207; x_wconf 85' lang='lat'>22</span> <span class='ocrx_word' id='word_1_169' title='bbox 659 2165 688 2210; x_wconf 89' lang='lat' dir='ltr'>n.</span> <span class='ocrx_word' id='word_1_170' title='bbox 707 2153 764 2209; x_wconf 84' lang='lat'>22:</span> <span class='ocrx_word' id='word_1_171' title='bbox 796 2147 912 2215; x_wconf 76' lang='lat' dir='ltr'>,Tanto</span> <span class='ocrx_word' id='word_1_172' title='bbox 928 2166 960 2207; x_wconf 88' lang='lat' dir='ltr'>se</span> <span class='ocrx_word' id='word_1_173' title='bbox 986 2163 1070 2221; x_wconf 86' lang='lat' dir='ltr'>spem</span> <span class='ocrx_word' id='word_1_174' title='bbox 1101 2145 1197 2223; x_wconf 80' lang='lat' dir='ltr'>erigit.</span> <span class='ocrx_word' id='word_1_175' title='bbox 1220 2179 1264 2190; x_wconf 89' lang='lat'>-</span> <span class='ocrx_word' id='word_1_176' title='bbox 1289 2147 1454 2209; x_wconf 71' lang='lat' dir='ltr'>Consolatio</span> <span class='ocrx_word' id='word_1_177' title='bbox 1485 2149 1520 2206; x_wconf 81' lang='lat' dir='ltr'>de</span> <span class='ocrx_word' id='word_1_178' title='bbox 1550 2149 1628 2206; x_wconf 81' lang='lat' dir='ltr'>obitu</span> 
     </span>
     <span class='ocr_line' id='line_1_19' title="bbox 314 2232 1627 2311; baseline 0.005 -21"><span class='ocrx_word' id='word_1_179' title='bbox 314 2232 425 2292; x_wconf 77' lang='lat' dir='ltr'>effudit</span> <span class='ocrx_word' id='word_1_180' title='bbox 439 2233 565 2309; x_wconf 90' lang='lat' dir='ltr'>eloquio,</span> <span class='ocrx_word' id='word_1_181' title='bbox 581 2237 619 2292; x_wconf 89' lang='lat' dir='ltr'>ut</span> <span class='ocrx_word' id='word_1_182' title='bbox 633 2235 781 2311; x_wconf 84' lang='lat' dir='ltr'>quidquid</span> <span class='ocrx_word' id='word_1_183' title='bbox 803 2236 839 2294; x_wconf 88' lang='lat' dir='ltr'>ed</span> <span class='ocrx_word' id='word_1_184' title='bbox 854 2236 959 2296; x_wconf 85' lang='lat' dir='ltr'>leudes</span> <span class='ocrx_word' id='word_1_185' title='bbox 993 2234 1199 2310; x_wconf 77' lang='lat' dir='ltr'>Valentiniani,</span> <span class='ocrx_word' id='word_1_186' title='bbox 1216 2235 1247 2294; x_wconf 85' lang='lat' dir='ltr'>in</span> <span class='ocrx_word' id='word_1_187' title='bbox 1263 2254 1322 2311; x_wconf 88' lang='lat' dir='ltr'>qus</span> <span class='ocrx_word' id='word_1_188' title='bbox 1336 2237 1430 2296; x_wconf 81' lang='lat' dir='ltr'>vitem</span> <span class='ocrx_word' id='word_1_189' title='bbox 1440 2239 1470 2296; x_wconf 90' lang='lat' dir='ltr'>et</span> <span class='ocrx_word' id='word_1_190' title='bbox 1482 2237 1627 2298; x_wconf 82' lang='lat' dir='ltr'>virtutem</span> 
     </span>
     <span class='ocr_line' id='line_1_20' title="bbox 313 2321 1628 2402; baseline 0.004 -21"><span class='ocrx_word' id='word_1_191' title='bbox 313 2321 471 2399; x_wconf 78' lang='lat' dir='ltr'>uirginum</span> <span class='ocrx_word' id='word_1_192' title='bbox 486 2323 625 2398; x_wconf 87' lang='lat' dir='ltr'>pertinet,</span> <span class='ocrx_word' id='word_1_193' title='bbox 641 2325 823 2400; x_wconf 80' lang='lat' dir='ltr'>exquisierit,</span> <span class='ocrx_word' id='word_1_194' title='bbox 840 2344 957 2402; x_wconf 82' lang='lat' dir='ltr'>expres·</span> <span class='ocrx_word' id='word_1_195' title='bbox 982 2323 1105 2400; x_wconf 82' lang='lat' dir='ltr'>juvenis</span> <span class='ocrx_word' id='word_1_196' title='bbox 1130 2325 1221 2400; x_wconf 82' lang='lat' dir='ltr'>hujus</span> <span class='ocrx_word' id='word_1_197' title='bbox 1246 2325 1433 2400; x_wconf 87' lang='lat' dir='ltr'>imperatoris</span> <span class='ocrx_word' id='word_1_198' title='bbox 1458 2345 1475 2384; x_wconf 88' lang='lat' dir='ltr'>e</span> <span class='ocrx_word' id='word_1_199' title='bbox 1500 2326 1628 2386; x_wconf 81' lang='lat' dir='ltr'>Maxime</span> 
     </span>
     <span class='ocr_line' id='line_1_21' title="bbox 313 2410 1625 2496; baseline 0.004 -27"><span class='ocrx_word' id='word_1_200' title='bbox 313 2410 396 2481; x_wconf 79' lang='lat' dir='ltr'>serit,</span> <span class='ocrx_word' id='word_1_201' title='bbox 421 2411 597 2476; x_wconf 77' lang='lat' dir='ltr'>ordinarit‘</span> <span class='ocrx_word' id='word_1_202' title='bbox 619 2412 656 2471; x_wconf 92' lang='lat' dir='ltr'>ln</span> <span class='ocrx_word' id='word_1_203' title='bbox 677 2415 696 2472; x_wconf 94' lang='lat' dir='ltr'>l.</span> <span class='ocrx_word' id='word_1_204' title='bbox 723 2425 749 2476; x_wconf 89' lang='lat'>1.</span> <span class='ocrx_word' id='word_1_205' title='bbox 772 2431 795 2476; x_wconf 85' lang='lat' dir='ltr'>e.</span> <span class='ocrx_word' id='word_1_206' title='bbox 811 2415 957 2491; x_wconf 81' lang='lat' dir='ltr'>Agnetem</span> <span class='ocrx_word' id='word_1_207' title='bbox 985 2414 1312 2488; x_wconf 76' lang='lat' dir='ltr'>usurpatoreseetatis</span> <span class='ocrx_word' id='word_1_208' title='bbox 1325 2410 1625 2496; x_wconf 83' lang='lat' dir='ltr'>20.trueidati(392)</span> 
     </span>
     <span class='ocr_line' id='line_1_22' title="bbox 313 2501 1628 2580; baseline 0.005 -22"><span class='ocrx_word' id='word_1_209' title='bbox 313 2501 469 2576; x_wconf 82' lang='lat' dir='ltr'>tamquam</span> <span class='ocrx_word' id='word_1_210' title='bbox 491 2503 641 2576; x_wconf 84' lang='lat' dir='ltr'>exemplar</span> <span class='ocrx_word' id='word_1_211' title='bbox 663 2502 806 2573; x_wconf 87' lang='lat' dir='ltr'>celebrat;</span> <span class='ocrx_word' id='word_1_212' title='bbox 828 2505 861 2562; x_wconf 93' lang='lat' dir='ltr'>in</span> <span class='ocrx_word' id='word_1_213' title='bbox 885 2513 913 2566; x_wconf 85' lang='lat'>2.</span> <span class='ocrx_word' id='word_1_214' title='bbox 929 2505 957 2563; x_wconf 87' lang='lat' dir='ltr'>b.</span> <span class='ocrx_word' id='word_1_215' title='bbox 985 2505 1095 2573; x_wconf 86' lang='lat' dir='ltr'>narrat,</span> <span class='ocrx_word' id='word_1_216' title='bbox 1112 2521 1257 2579; x_wconf 80' lang='lat' dir='ltr'>spemque</span> <span class='ocrx_word' id='word_1_217' title='bbox 1272 2503 1413 2563; x_wconf 86' lang='lat' dir='ltr'>enunciat</span> <span class='ocrx_word' id='word_1_218' title='bbox 1434 2507 1538 2564; x_wconf 84' lang='lat' dir='ltr'>votum</span> <span class='ocrx_word' id='word_1_219' title='bbox 1553 2504 1628 2580; x_wconf 88' lang='lat' dir='ltr'>bap·</span> 
     </span>
     <span class='ocr_line' id='line_1_23' title="bbox 314 2585 1628 2676; baseline 0.005 -29"><span class='ocrx_word' id='word_1_220' title='bbox 314 2589 428 2648; x_wconf 73' lang='lat' dir='ltr'>itariae</span> <span class='ocrx_word' id='word_1_221' title='bbox 443 2591 475 2648; x_wconf 90' lang='lat' dir='ltr'>et</span> <span class='ocrx_word' id='word_1_222' title='bbox 489 2605 513 2650; x_wconf 87' lang='lat' dir='ltr'>s.</span> <span class='ocrx_word' id='word_1_223' title='bbox 528 2589 651 2650; x_wconf 81' lang='lat' dir='ltr'>Theclae</span> <span class='ocrx_word' id='word_1_224' title='bbox 667 2593 957 2669; x_wconf 73' lang='lat' dir='ltr'>exemplsproponiu</span> <span class='ocrx_word' id='word_1_225' title='bbox 984 2589 1068 2650; x_wconf 89' lang='lat' dir='ltr'>tismi</span> <span class='ocrx_word' id='word_1_226' title='bbox 1091 2585 1173 2673; x_wconf 84' lang='lat' dir='ltr'>(nam</span> <span class='ocrx_word' id='word_1_227' title='bbox 1193 2591 1327 2652; x_wconf 86' lang='lat' dir='ltr'>nondum</span> <span class='ocrx_word' id='word_1_228' title='bbox 1350 2593 1515 2669; x_wconf 86' lang='lat' dir='ltr'>baptizatus</span> <span class='ocrx_word' id='word_1_229' title='bbox 1538 2589 1628 2676; x_wconf 81' lang='lat' dir='ltr'>obiit)</span> 
     </span>
     <span class='ocr_line' id='line_1_24' title="bbox 312 2678 1628 2756; baseline 0.005 -19"><span class='ocrx_word' id='word_1_230' title='bbox 312 2678 957 2754; x_wconf 77' lang='lat' dir='ltr'>in3.praeceptetradit.—Proximesdrir-</span> <span class='ocrx_word' id='word_1_231' title='bbox 983 2679 1045 2756; x_wconf 88' lang='lat' dir='ltr'>ipsi</span> <span class='ocrx_word' id='word_1_232' title='bbox 1060 2680 1222 2756; x_wconf 83' lang='lat' dir='ltr'>profuisse;</span> <span class='ocrx_word' id='word_1_233' title='bbox 1239 2680 1337 2743; x_wconf 91' lang='lat' dir='ltr'>Oratio</span> <span class='ocrx_word' id='word_1_234' title='bbox 1347 2681 1467 2740; x_wconf 69' lang='lat' dir='ltr'>macru</span> <span class='ocrx_word' id='word_1_235' title='bbox 1477 2683 1628 2744; x_wconf 76' lang='lat' dir='ltr'>Theodosii</span> 
     </span>
     <span class='ocr_line' id='line_1_25' title="bbox 313 2764 1626 2852; baseline 0.005 -27"><span class='ocrx_word' id='word_1_236' title='bbox 313 2767 474 2845; x_wconf 76' lang='lat' dir='ltr'>ginitatem</span> <span class='ocrx_word' id='word_1_237' title='bbox 489 2768 626 2827; x_wconf 86' lang='lat' dir='ltr'>accedere</span> <span class='ocrx_word' id='word_1_238' title='bbox 633 2769 791 2830; x_wconf 85' lang='lat' dir='ltr'>viduitatis</span> <span class='ocrx_word' id='word_1_239' title='bbox 798 2771 957 2847; x_wconf 85' lang='lat' dir='ltr'>professio-</span> <span class='ocrx_word' id='word_1_240' title='bbox 980 2764 1023 2849; x_wconf 77' lang='lat' dir='ltr'>(a.</span> <span class='ocrx_word' id='word_1_241' title='bbox 1042 2765 1128 2852; x_wconf 83' lang='lat'>395),</span> <span class='ocrx_word' id='word_1_242' title='bbox 1144 2770 1176 2828; x_wconf 89' lang='lat' dir='ltr'>in</span> <span class='ocrx_word' id='word_1_243' title='bbox 1198 2789 1259 2846; x_wconf 86' lang='lat' dir='ltr'>qua</span> <span class='ocrx_word' id='word_1_244' title='bbox 1281 2773 1311 2828; x_wconf 91' lang='lat' dir='ltr'>et</span> <span class='ocrx_word' id='word_1_245' title='bbox 1333 2770 1424 2847; x_wconf 86' lang='lat' dir='ltr'>hujus</span> <span class='ocrx_word' id='word_1_246' title='bbox 1440 2771 1626 2847; x_wconf 86' lang='lat' dir='ltr'>imperatorie</span> 
     </span>
     <span class='ocr_line' id='line_1_26' title="bbox 312 2857 1626 2938; baseline 0.004 -24"><span class='ocrx_word' id='word_1_247' title='bbox 312 2874 392 2933; x_wconf 86' lang='lat' dir='ltr'>nem,</span> <span class='ocrx_word' id='word_1_248' title='bbox 409 2873 528 2916; x_wconf 88' lang='lat' dir='ltr'>necnon</span> <span class='ocrx_word' id='word_1_249' title='bbox 536 2858 724 2918; x_wconf 85' lang='lat' dir='ltr'>matrimonio</span> <span class='ocrx_word' id='word_1_250' title='bbox 731 2861 819 2938; x_wconf 80' lang='lat' dir='ltr'>longe</span> <span class='ocrx_word' id='word_1_251' title='bbox 826 2862 956 2937; x_wconf 87' lang='lat' dir='ltr'>praeeel-</span> <span class='ocrx_word' id='word_1_252' title='bbox 983 2857 1111 2918; x_wconf 83' lang='lat' dir='ltr'>virtutes</span> <span class='ocrx_word' id='word_1_253' title='bbox 1127 2858 1258 2918; x_wconf 88' lang='lat' dir='ltr'>encomio</span> <span class='ocrx_word' id='word_1_254' title='bbox 1275 2859 1475 2936; x_wconf 85' lang='lat' dir='ltr'>prosequitur.</span> <span class='ocrx_word' id='word_1_255' title='bbox 1495 2860 1626 2936; x_wconf 85' lang='lat' dir='ltr'>Utraque</span> 
     </span>
     <span class='ocr_line' id='line_1_27' title="bbox 312 2945 1625 3026; baseline 0.003 -22"><span class='ocrx_word' id='word_1_256' title='bbox 312 2945 373 3004; x_wconf 90' lang='lat' dir='ltr'>lere</span> <span class='ocrx_word' id='word_1_257' title='bbox 388 2946 523 3005; x_wconf 82' lang='lat' dir='ltr'>ostendit</span> <span class='ocrx_word' id='word_1_258' title='bbox 537 2947 570 3005; x_wconf 91' lang='lat' dir='ltr'>in</span> <span class='ocrx_word' id='word_1_259' title='bbox 586 2948 607 3006; x_wconf 87' lang='lat' dir='ltr'>l</span> <span class='ocrx_word' id='word_1_260' title='bbox 622 2948 657 3006; x_wconf 72' lang='grc' dir='ltr'>ἀι</span> <span class='ocrx_word' id='word_1_261' title='bbox 668 2949 771 3012; x_wconf 70' lang='lat' dir='ltr'>acue.</span> <span class='ocrx_word' id='word_1_262' title='bbox 793 2949 956 3026; x_wconf 87' lang='lat' dir='ltr'>Utriusque</span> <span class='ocrx_word' id='word_1_263' title='bbox 982 2946 1079 3016; x_wconf 88' lang='lat' dir='ltr'>oratio</span> <span class='ocrx_word' id='word_1_264' title='bbox 1095 2951 1234 3008; x_wconf 87' lang='lat' dir='ltr'>censetur</span> <span class='ocrx_word' id='word_1_265' title='bbox 1257 2947 1384 3011; x_wconf 85' lang='lat' dir='ltr'>classica.</span> <span class='ocrx_word' id='word_1_266' title='bbox 1400 2981 1444 2992; x_wconf 92' lang='lat'>—</span> <span class='ocrx_word' id='word_1_267' title='bbox 1459 2948 1527 3008; x_wconf 90' lang='lat' dir='ltr'>Huc</span> <span class='ocrx_word' id='word_1_268' title='bbox 1542 2967 1625 3025; x_wconf 90' lang='lat' dir='ltr'>spec-</span> 
     </span>
     <span class='ocr_line' id='line_1_28' title="bbox 311 3035 1624 3113; baseline 0.004 -20"><span class='ocrx_word' id='word_1_269' title='bbox 311 3035 413 3111; x_wconf 88' lang='lat' dir='ltr'>operis</span> <span class='ocrx_word' id='word_1_270' title='bbox 428 3035 526 3094; x_wconf 83' lang='lat' dir='ltr'>veluti</span> <span class='ocrx_word' id='word_1_271' title='bbox 541 3035 687 3112; x_wconf 77' lang='lat' dir='ltr'>appendix</span> <span class='ocrx_word' id='word_1_272' title='bbox 709 3041 756 3098; x_wconf 86' lang='lat' dir='ltr'>est</span> <span class='ocrx_word' id='word_1_273' title='bbox 777 3039 856 3102; x_wconf 88' lang='lat' dir='ltr'>alius</span> <span class='ocrx_word' id='word_1_274' title='bbox 870 3038 954 3110; x_wconf 82' lang='lat' dir='ltr'>liber,</span> <span class='ocrx_word' id='word_1_275' title='bbox 983 3037 1051 3095; x_wconf 85' lang='lat' dir='ltr'>tant</span> <span class='ocrx_word' id='word_1_276' title='bbox 1066 3039 1096 3094; x_wconf 89' lang='lat' dir='ltr'>st</span> <span class='ocrx_word' id='word_1_277' title='bbox 1117 3037 1149 3096; x_wconf 93' lang='lat' dir='ltr'>ll.</span> <span class='ocrx_word' id='word_1_278' title='bbox 1167 3046 1184 3100; x_wconf 89' lang='lat'>2</span> <span class='ocrx_word' id='word_1_279' title='bbox 1211 3037 1245 3096; x_wconf 80' lang='lat' dir='ltr'>de</span> <span class='ocrx_word' id='word_1_280' title='bbox 1269 3055 1381 3098; x_wconf 63' lang='lat' dir='ltr'>moreau</span> <span class='ocrx_word' id='word_1_281' title='bbox 1397 3036 1498 3113; x_wconf 82' lang='lat' dir='ltr'>Satyri</span> <span class='ocrx_word' id='word_1_282' title='bbox 1522 3038 1624 3098; x_wconf 85' lang='lat' dir='ltr'>fratris</span> 
     </span>
     <span class='ocr_line' id='line_1_29' title="bbox 311 3123 1623 3204; baseline 0.003 -23"><span class='ocrx_word' id='word_1_283' title='bbox 311 3141 402 3200; x_wconf 90' lang='lat' dir='ltr'>quern</span> <span class='ocrx_word' id='word_1_284' title='bbox 432 3123 551 3183; x_wconf 85' lang='lat' dir='ltr'>malunt</span> <span class='ocrx_word' id='word_1_285' title='bbox 580 3125 711 3185; x_wconf 81' lang='lat' dir='ltr'>editores</span> <span class='ocrx_word' id='word_1_286' title='bbox 735 3127 897 3187; x_wconf 83' lang='lat' dir='ltr'>inscribere</span> <span class='ocrx_word' id='word_1_287' title='bbox 921 3129 956 3186; x_wconf 75' lang='lat' dir='ltr'>dr</span> <span class='ocrx_word' id='word_1_288' title='bbox 982 3125 1039 3196; x_wconf 80' lang='lat' dir='ltr'>sui,</span> <span class='ocrx_word' id='word_1_289' title='bbox 1056 3125 1128 3201; x_wconf 87' lang='lat' dir='ltr'>quia</span> <span class='ocrx_word' id='word_1_290' title='bbox 1143 3127 1215 3184; x_wconf 88' lang='lat' dir='ltr'>sunt</span> <span class='ocrx_word' id='word_1_291' title='bbox 1230 3126 1350 3186; x_wconf 82' lang='lat' dir='ltr'>nonnisi</span> <span class='ocrx_word' id='word_1_292' title='bbox 1366 3143 1517 3188; x_wconf 87' lang='lat' dir='ltr'>sermones</span> <span class='ocrx_word' id='word_1_293' title='bbox 1532 3127 1623 3204; x_wconf 77' lang='lat' dir='ltr'>lugu·</span> 
     </span>
     <span class='ocr_line' id='line_1_30' title="bbox 310 3213 1623 3294; baseline 0.003 -23"><span class='ocrx_word' id='word_1_294' title='bbox 310 3215 487 3294; x_wconf 58' lang='lat' dir='ltr'>mettium.</span> <span class='ocrx_word' id='word_1_295' title='bbox 528 3213 671 3291; x_wconf 82' lang='lat' dir='ltr'>Sequitur</span> <span class='ocrx_word' id='word_1_296' title='bbox 707 3216 742 3274; x_wconf 82' lang='lat' dir='ltr'>de</span> <span class='ocrx_word' id='word_1_297' title='bbox 777 3219 956 3276; x_wconf 78' lang='lat' dir='ltr'>institutione</span> <span class='ocrx_word' id='word_1_298' title='bbox 982 3214 1059 3286; x_wconf 83' lang='lat' dir='ltr'>brer,</span> <span class='ocrx_word' id='word_1_299' title='bbox 1078 3233 1205 3289; x_wconf 88' lang='lat' dir='ltr'>quorum</span> <span class='ocrx_word' id='word_1_300' title='bbox 1223 3223 1250 3278; x_wconf 85' lang='lat'>2.</span> <span class='ocrx_word' id='word_1_301' title='bbox 1266 3215 1442 3274; x_wconf 87' lang='lat' dir='ltr'>inscribitur</span> <span class='ocrx_word' id='word_1_302' title='bbox 1456 3215 1492 3273; x_wconf 85' lang='lat' dir='ltr'>de</span> <span class='ocrx_word' id='word_1_303' title='bbox 1506 3217 1562 3289; x_wconf 82' lang='lat' dir='ltr'>fide</span> <span class='ocrx_word' id='word_1_304' title='bbox 1577 3236 1623 3275; x_wconf 86' lang='lat' dir='ltr'>re·</span> 
     </span>
     <span class='ocr_line' id='line_1_31' title="bbox 311 3300 1625 3385; baseline 0.005 -25"><span class='ocrx_word' id='word_1_305' title='bbox 311 3304 436 3379; x_wconf 75' lang='lat' dir='ltr'>cirpinie</span> <span class='ocrx_word' id='word_1_306' title='bbox 459 3305 491 3362; x_wconf 87' lang='lat' dir='ltr'>et</span> <span class='ocrx_word' id='word_1_307' title='bbox 514 3322 537 3361; x_wconf 91' lang='lat' dir='ltr'>s.</span> <span class='ocrx_word' id='word_1_308' title='bbox 559 3303 669 3363; x_wconf 84' lang='lat' dir='ltr'>llsriee</span> <span class='ocrx_word' id='word_1_309' title='bbox 690 3305 864 3382; x_wconf 80' lang='lat' dir='ltr'>virginitate</span> <span class='ocrx_word' id='word_1_310' title='bbox 887 3325 955 3382; x_wconf 88' lang='lat' dir='ltr'>per·</span> <span class='ocrx_word' id='word_1_311' title='bbox 981 3300 1209 3385; x_wconf 66' lang='lat' dir='ltr'>acnedionial).</span> <span class='ocrx_word' id='word_1_312' title='bbox 1240 3304 1395 3364; x_wconf 82' lang='lat' dir='ltr'>Sermones</span> <span class='ocrx_word' id='word_1_313' title='bbox 1420 3307 1482 3364; x_wconf 87' lang='lat' dir='ltr'>tres</span> <span class='ocrx_word' id='word_1_314' title='bbox 1506 3305 1538 3364; x_wconf 91' lang='lat' dir='ltr'>iu</span> <span class='ocrx_word' id='word_1_315' title='bbox 1553 3306 1625 3368; x_wconf 84' lang='lat' dir='ltr'>Luc.</span> 
     </span>
     <span class='ocr_line' id='line_1_32' title="bbox 311 3391 1622 3482; baseline 0.003 -32"><span class='ocrx_word' id='word_1_316' title='bbox 311 3395 419 3468; x_wconf 87' lang='lat' dir='ltr'>petua;</span> <span class='ocrx_word' id='word_1_317' title='bbox 458 3391 631 3451; x_wconf 68' lang='lat' dir='ltr'>Futonctio</span> <span class='ocrx_word' id='word_1_318' title='bbox 676 3395 861 3472; x_wconf 77' lang='lat' dir='ltr'>cirpiaitotie.</span> <span class='ocrx_word' id='word_1_319' title='bbox 909 3396 956 3454; x_wconf 80' lang='lat' dir='ltr'>De</span> <span class='ocrx_word' id='word_1_320' title='bbox 987 3401 1035 3464; x_wconf 84' lang='lat'>12,</span> <span class='ocrx_word' id='word_1_321' title='bbox 1054 3401 1111 3456; x_wconf 86' lang='lat'>33:</span> <span class='ocrx_word' id='word_1_322' title='bbox 1134 3393 1251 3454; x_wconf 79' lang='lat' dir='ltr'>Venditc</span> <span class='ocrx_word' id='word_1_323' title='bbox 1273 3395 1380 3470; x_wconf 75' lang='lat' dir='ltr'>omerio,</span> <span class='ocrx_word' id='word_1_324' title='bbox 1407 3411 1480 3482; x_wconf 75' lang='lat' dir='ltr'>quoe</span> <span class='ocrx_word' id='word_1_325' title='bbox 1492 3395 1622 3470; x_wconf 67' lang='lat' dir='ltr'>posum-</span> 
     </span>
     <span class='ocr_line' id='line_1_33' title="bbox 311 3482 1623 3564; baseline 0.001 -24"><span class='ocrx_word' id='word_1_326' title='bbox 311 3482 399 3557; x_wconf 77' lang='lat' dir='ltr'>irpea</span> <span class='ocrx_word' id='word_1_327' title='bbox 435 3482 559 3559; x_wconf 76' lang='lat' dir='ltr'>cirqinio</span> <span class='ocrx_word' id='word_1_328' title='bbox 596 3490 776 3542; x_wconf 69' lang='lat' dir='ltr'>emereretur</span> <span class='ocrx_word' id='word_1_329' title='bbox 821 3482 954 3564; x_wconf 89' lang='lat' dir='ltr'>(nemine</span> <span class='ocrx_word' id='word_1_330' title='bbox 981 3483 1019 3540; x_wconf 85' lang='lat' dir='ltr'>tia</span> <span class='ocrx_word' id='word_1_331' title='bbox 1034 3489 1060 3540; x_wconf 83' lang='lat' dir='ltr'>et</span> <span class='ocrx_word' id='word_1_332' title='bbox 1075 3483 1141 3542; x_wconf 86' lang='lat' dir='ltr'>date</span> <span class='ocrx_word' id='word_1_333' title='bbox 1156 3483 1359 3559; x_wconf 80' lang='lat' dir='ltr'>eleemosynam</span> <span class='ocrx_word' id='word_1_334' title='bbox 1378 3503 1396 3542; x_wconf 87' lang='lat' dir='ltr'>s</span> <span class='ocrx_word' id='word_1_335' title='bbox 1418 3483 1455 3542; x_wconf 87' lang='lat' dir='ltr'>de</span> <span class='ocrx_word' id='word_1_336' title='bbox 1476 3483 1623 3547; x_wconf 77' lang='lat' dir='ltr'>Curris·</span> 
     </span>
     <span class='ocr_line' id='line_1_34' title="bbox 311 3566 1622 3654; baseline 0.004 -26"><span class='ocrx_word' id='word_1_337' title='bbox 311 3566 480 3651; x_wconf 78' lang='lat' dir='ltr'>Susanuae)</span> <span class='ocrx_word' id='word_1_338' title='bbox 502 3571 832 3632; x_wconf 62' lang='lat' dir='ltr'>numeraverimus</span> <span class='ocrx_word' id='word_1_339' title='bbox 848 3593 954 3634; x_wconf 87' lang='lat' dir='ltr'>anon·</span> <span class='ocrx_word' id='word_1_340' title='bbox 980 3570 1035 3630; x_wconf 93' lang='lat' dir='ltr'>ris</span> <span class='ocrx_word' id='word_1_341' title='bbox 1051 3591 1076 3630; x_wconf 89' lang='lat' dir='ltr'>s.</span> <span class='ocrx_word' id='word_1_342' title='bbox 1096 3579 1177 3634; x_wconf 87' lang='grc'><strong>1834</strong></span> <span class='ocrx_word' id='word_1_343' title='bbox 1195 3573 1306 3646; x_wconf 90' lang='lat' dir='ltr'>reperti</span> <span class='ocrx_word' id='word_1_344' title='bbox 1322 3568 1422 3654; x_wconf 84' lang='lat' dir='ltr'>(ined.</span> <span class='ocrx_word' id='word_1_345' title='bbox 1432 3572 1577 3632; x_wconf 88' lang='lat' dir='ltr'>Ballerini</span> <span class='ocrx_word' id='word_1_346' title='bbox 1587 3573 1622 3645; x_wconf 85' lang='lat' dir='ltr'>V,</span> 
     </span>
     <span class='ocr_line' id='line_1_35' title="bbox 310 3655 1626 3741; baseline 0.002 -23"><span class='ocrx_word' id='word_1_347' title='bbox 310 3660 404 3719; x_wconf 87' lang='lat' dir='ltr'>nullis</span> <span class='ocrx_word' id='word_1_348' title='bbox 433 3659 581 3718; x_wconf 84' lang='lat' dir='ltr'>tribuitur</span> <span class='ocrx_word' id='word_1_349' title='bbox 604 3659 767 3721; x_wconf 82' lang='lat' dir='ltr'>Nicetes</span> <span class='ocrx_word' id='word_1_350' title='bbox 798 3663 954 3722; x_wconf 70' lang='lat' dir='ltr'>Daturum</span> <span class='ocrx_word' id='word_1_351' title='bbox 987 3655 1171 3741; x_wconf 82' lang='lat'>195-222)</span> <span class='ocrx_word' id='word_1_352' title='bbox 1187 3661 1311 3720; x_wconf 89' lang='lat' dir='ltr'>minoris</span> <span class='ocrx_word' id='word_1_353' title='bbox 1337 3663 1410 3720; x_wconf 89' lang='lat' dir='ltr'>sunt</span> <span class='ocrx_word' id='word_1_354' title='bbox 1425 3663 1567 3720; x_wconf 87' lang='lat' dir='ltr'>momenti</span> <span class='ocrx_word' id='word_1_355' title='bbox 1592 3665 1626 3721; x_wconf 87' lang='lat' dir='ltr'>et</span> 
     </span>
     <span class='ocr_line' id='line_1_36' title="bbox 309 3747 1176 3826; baseline -0.001 -19"><span class='ocrx_word' id='word_1_356' title='bbox 309 3749 459 3825; x_wconf 88' lang='lat' dir='ltr'>episcopo,</span> <span class='ocrx_word' id='word_1_357' title='bbox 483 3749 532 3807; x_wconf 74' lang='lat' dir='ltr'>rel</span> <span class='ocrx_word' id='word_1_358' title='bbox 556 3767 579 3810; x_wconf 92' lang='lat' dir='ltr'>s.</span> <span class='ocrx_word' id='word_1_359' title='bbox 605 3748 848 3826; x_wconf 80' lang='lat' dir='ltr'>Hieronymo,</span> <span class='ocrx_word' id='word_1_360' title='bbox 875 3753 953 3810; x_wconf 86' lang='lat' dir='ltr'>Am·</span> <span class='ocrx_word' id='word_1_361' title='bbox 980 3749 1066 3807; x_wconf 83' lang='lat' dir='ltr'>valde</span> <span class='ocrx_word' id='word_1_362' title='bbox 1082 3747 1176 3807; x_wconf 85' lang='lat' dir='ltr'>dubii.</span> 
     </span>
     <span class='ocr_line' id='line_1_37' title="bbox 309 3837 952 3915; baseline 0.006 -19"><span class='ocrx_word' id='word_1_363' title='bbox 309 3837 446 3898; x_wconf 87' lang='lat' dir='ltr'>brosio</span> <span class='ocrx_word' id='word_1_364' title='bbox 461 3838 499 3896; x_wconf 89' lang='lat' dir='ltr'>ab</span> <span class='ocrx_word' id='word_1_365' title='bbox 514 3837 582 3896; x_wconf 87' lang='lat' dir='ltr'>aliis</span> <span class='ocrx_word' id='word_1_366' title='bbox 597 3839 755 3910; x_wconf 60' lang='lat' dir='ltr'>essentum</span> <span class='ocrx_word' id='word_1_367' title='bbox 774 3841 862 3915; x_wconf 85' lang='lat' dir='ltr'>juxte</span> <span class='ocrx_word' id='word_1_368' title='bbox 883 3842 952 3900; x_wconf 84' lang='lat' dir='ltr'>Mo·</span> 
     </span>
     <span class='ocr_line' id='line_1_38' title="bbox 309 3922 1625 4010; baseline 0.002 -25"><span class='ocrx_word' id='word_1_369' title='bbox 309 3927 370 3986; x_wconf 92' lang='lat' dir='ltr'>rin</span> <span class='ocrx_word' id='word_1_370' title='bbox 391 3929 425 3986; x_wconf 86' lang='lat' dir='ltr'>et</span> <span class='ocrx_word' id='word_1_371' title='bbox 448 3926 730 3987; x_wconf 85' lang='lat' dir='ltr'>Bardsnhswsr</span> <span class='ocrx_word' id='word_1_372' title='bbox 754 3929 953 3989; x_wconf 84' lang='lat' dir='ltr'>substantiam</span> <span class='ocrx_word' id='word_1_373' title='bbox 1028 3938 1099 3992; x_wconf 87' lang='lat'>100.</span> <span class='ocrx_word' id='word_1_374' title='bbox 1116 3925 1291 4002; x_wconf 85' lang='lat' dir='ltr'>Sequuntur</span> <span class='ocrx_word' id='word_1_375' title='bbox 1313 3928 1446 4004; x_wconf 83' lang='lat' dir='ltr'>epistolae</span> <span class='ocrx_word' id='word_1_376' title='bbox 1467 3922 1535 4010; x_wconf 83' lang='grc'>(91)</span> <span class='ocrx_word' id='word_1_377' title='bbox 1552 3947 1625 3988; x_wconf 83' lang='lat' dir='ltr'>vere</span> 
     </span>
     <span class='ocr_line' id='line_1_39' title="bbox 309 4016 1621 4094; baseline 0.002 -18"><span class='ocrx_word' id='word_1_378' title='bbox 309 4017 334 4076; x_wconf 90' lang='lat' dir='ltr'>si</span> <span class='ocrx_word' id='word_1_379' title='bbox 358 4018 476 4093; x_wconf 89' lang='lat' dir='ltr'>spectes</span> <span class='ocrx_word' id='word_1_380' title='bbox 501 4019 549 4075; x_wconf 87' lang='lat' dir='ltr'>est</span> <span class='ocrx_word' id='word_1_381' title='bbox 572 4017 733 4088; x_wconf 79' lang='lat' dir='ltr'>Ambrosii,</span> <span class='ocrx_word' id='word_1_382' title='bbox 758 4019 811 4077; x_wconf 90' lang='lat' dir='ltr'>sed</span> <span class='ocrx_word' id='word_1_383' title='bbox 834 4037 895 4079; x_wconf 92' lang='lat' dir='ltr'>non</span> <span class='ocrx_word' id='word_1_384' title='bbox 918 4039 953 4080; x_wconf 88' lang='lat' dir='ltr'>ea</span> <span class='ocrx_word' id='word_1_385' title='bbox 979 4016 1135 4092; x_wconf 87' lang='lat' dir='ltr'>pretiosae,</span> <span class='ocrx_word' id='word_1_386' title='bbox 1162 4017 1241 4076; x_wconf 88' lang='lat' dir='ltr'>lectu</span> <span class='ocrx_word' id='word_1_387' title='bbox 1266 4016 1459 4094; x_wconf 82' lang='lat' dir='ltr'>dignissimae</span> <span class='ocrx_word' id='word_1_388' title='bbox 1474 4019 1505 4077; x_wconf 93' lang='lat' dir='ltr'>et</span> <span class='ocrx_word' id='word_1_389' title='bbox 1520 4017 1621 4078; x_wconf 90' lang='lat' dir='ltr'>utilis·</span> 
     </span>
     <span class='ocr_line' id='line_1_40' title="bbox 308 4104 1622 4182; baseline 0.002 -18"><span class='ocrx_word' id='word_1_390' title='bbox 308 4105 412 4178; x_wconf 83' lang='lat' dir='ltr'>forma,</span> <span class='ocrx_word' id='word_1_391' title='bbox 428 4125 489 4181; x_wconf 87' lang='lat' dir='ltr'>qus</span> <span class='ocrx_word' id='word_1_392' title='bbox 504 4104 590 4164; x_wconf 83' lang='lat' dir='ltr'>modo</span> <span class='ocrx_word' id='word_1_393' title='bbox 604 4109 736 4182; x_wconf 86' lang='lat' dir='ltr'>prostat:</span> <span class='ocrx_word' id='word_1_394' title='bbox 752 4112 799 4166; x_wconf 89' lang='lat' dir='ltr'>est</span> <span class='ocrx_word' id='word_1_395' title='bbox 812 4107 890 4167; x_wconf 80' lang='lat' dir='ltr'>forts</span> <span class='ocrx_word' id='word_1_396' title='bbox 900 4126 952 4167; x_wconf 91' lang='lat' dir='ltr'>cu·</span> <span class='ocrx_word' id='word_1_397' title='bbox 980 4106 1078 4177; x_wconf 67' lang='lat' dir='ltr'>simas</span> <span class='ocrx_word' id='word_1_398' title='bbox 1095 4105 1127 4164; x_wconf 92' lang='lat' dir='ltr'>iu</span> <span class='ocrx_word' id='word_1_399' title='bbox 1150 4106 1261 4182; x_wconf 90' lang='lat' dir='ltr'>quibus</span> <span class='ocrx_word' id='word_1_400' title='bbox 1284 4107 1502 4166; x_wconf 87' lang='lat' dir='ltr'>lucidissimum</span> <span class='ocrx_word' id='word_1_401' title='bbox 1524 4106 1622 4167; x_wconf 78' lang='lat' dir='ltr'>virtu·</span> 
     </span>
     <span class='ocr_line' id='line_1_41' title="bbox 304 4193 1623 4272; baseline 0.001 -17"><span class='ocrx_word' id='word_1_402' title='bbox 304 4196 427 4272; x_wconf 82' lang='lat' dir='ltr'>jusdam</span> <span class='ocrx_word' id='word_1_403' title='bbox 442 4193 597 4266; x_wconf 85' lang='lat' dir='ltr'>auditoris,</span> <span class='ocrx_word' id='word_1_404' title='bbox 614 4196 668 4270; x_wconf 91' lang='lat' dir='ltr'>qui</span> <span class='ocrx_word' id='word_1_405' title='bbox 677 4196 826 4255; x_wconf 79' lang='lat' dir='ltr'>Ambrosii</span> <span class='ocrx_word' id='word_1_406' title='bbox 841 4215 951 4257; x_wconf 88' lang='lat' dir='ltr'>sermo·</span> <span class='ocrx_word' id='word_1_407' title='bbox 979 4199 1045 4254; x_wconf 92' lang='lat' dir='ltr'>tum</span> <span class='ocrx_word' id='word_1_408' title='bbox 1070 4195 1263 4271; x_wconf 81' lang='lat' dir='ltr'>pastoralium</span> <span class='ocrx_word' id='word_1_409' title='bbox 1289 4195 1321 4254; x_wconf 89' lang='lat' dir='ltr'>in</span> <span class='ocrx_word' id='word_1_410' title='bbox 1343 4213 1366 4254; x_wconf 89' lang='lat' dir='ltr'>s.</span> <span class='ocrx_word' id='word_1_411' title='bbox 1390 4195 1548 4256; x_wconf 84' lang='lat' dir='ltr'>Ambrosio</span> <span class='ocrx_word' id='word_1_412' title='bbox 1571 4215 1623 4256; x_wconf 87' lang='lat' dir='ltr'>ex·</span> 
     </span>
     <span class='ocr_line' id='line_1_42' title="bbox 308 4282 1622 4361; baseline 0 -17"><span class='ocrx_word' id='word_1_413' title='bbox 308 4303 378 4344; x_wconf 90' lang='lat' dir='ltr'>nem</span> <span class='ocrx_word' id='word_1_414' title='bbox 394 4284 491 4344; x_wconf 89' lang='lat' dir='ltr'>literis</span> <span class='ocrx_word' id='word_1_415' title='bbox 501 4283 729 4361; x_wconf 79' lang='lat' dir='ltr'>consignaverit.</span> <span class='ocrx_word' id='word_1_416' title='bbox 743 4285 863 4344; x_wconf 81' lang='lat' dir='ltr'>(lodices</span> <span class='ocrx_word' id='word_1_417' title='bbox 872 4287 951 4346; x_wconf 90' lang='lat' dir='ltr'>enim</span> <span class='ocrx_word' id='word_1_418' title='bbox 979 4282 1101 4344; x_wconf 89' lang='lat' dir='ltr'>hibetur</span> <span class='ocrx_word' id='word_1_419' title='bbox 1131 4285 1314 4361; x_wconf 87' lang='lat' dir='ltr'>exemplum:</span> <span class='ocrx_word' id='word_1_420' title='bbox 1353 4284 1440 4361; x_wconf 88' lang='lat' dir='ltr'>qussi</span> <span class='ocrx_word' id='word_1_421' title='bbox 1465 4303 1622 4344; x_wconf 87' lang='lat' dir='ltr'>commune</span> 
     </span>
     <span class='ocr_line' id='line_1_43' title="bbox 308 4373 1622 4450; baseline 0.001 -17"><span class='ocrx_word' id='word_1_422' title='bbox 308 4391 413 4433; x_wconf 89' lang='lat' dir='ltr'>omnes</span> <span class='ocrx_word' id='word_1_423' title='bbox 442 4391 504 4432; x_wconf 90' lang='lat' dir='ltr'>uno</span> <span class='ocrx_word' id='word_1_424' title='bbox 534 4373 694 4433; x_wconf 89' lang='lat' dir='ltr'>recentiori</span> <span class='ocrx_word' id='word_1_425' title='bbox 723 4377 845 4450; x_wconf 83' lang='lat' dir='ltr'>excepto</span> <span class='ocrx_word' id='word_1_426' title='bbox 870 4376 952 4436; x_wconf 87' lang='lat' dir='ltr'>stant</span> <span class='ocrx_word' id='word_1_427' title='bbox 979 4373 1028 4433; x_wconf 91' lang='lat' dir='ltr'>sui</span> <span class='ocrx_word' id='word_1_428' title='bbox 1044 4373 1137 4433; x_wconf 90' lang='lat' dir='ltr'>seculi</span> <span class='ocrx_word' id='word_1_429' title='bbox 1152 4375 1305 4435; x_wconf 86' lang='lat' dir='ltr'>oraculum</span> <span class='ocrx_word' id='word_1_430' title='bbox 1320 4377 1480 4450; x_wconf 88' lang='lat' dir='ltr'>comparet,</span> <span class='ocrx_word' id='word_1_431' title='bbox 1503 4375 1551 4433; x_wconf 86' lang='lat' dir='ltr'>cui</span> <span class='ocrx_word' id='word_1_432' title='bbox 1573 4375 1622 4434; x_wconf 81' lang='lat' dir='ltr'>vel</span> 
     </span>
     <span class='ocr_line' id='line_1_44' title="bbox 307 4462 1622 4540; baseline -0.002 -18"><span class='ocrx_word' id='word_1_433' title='bbox 307 4481 361 4540; x_wconf 89' lang='lat' dir='ltr'>pro</span> <span class='ocrx_word' id='word_1_434' title='bbox 376 4480 402 4522; x_wconf 91' lang='lat' dir='ltr'>s.</span> <span class='ocrx_word' id='word_1_435' title='bbox 416 4462 583 4533; x_wconf 85' lang='lat' dir='ltr'>Ambrosio,</span> <span class='ocrx_word' id='word_1_436' title='bbox 610 4462 662 4521; x_wconf 87' lang='lat' dir='ltr'>sed</span> <span class='ocrx_word' id='word_1_437' title='bbox 677 4465 801 4522; x_wconf 87' lang='lat' dir='ltr'>notatur</span> <span class='ocrx_word' id='word_1_438' title='bbox 816 4463 878 4523; x_wconf 89' lang='lat' dir='ltr'>stili</span> <span class='ocrx_word' id='word_1_439' title='bbox 893 4465 951 4523; x_wconf 89' lang='lat' dir='ltr'>dif·</span> <span class='ocrx_word' id='word_1_440' title='bbox 978 4462 1128 4539; x_wconf 88' lang='lat' dir='ltr'>principes</span> <span class='ocrx_word' id='word_1_441' title='bbox 1152 4463 1272 4538; x_wconf 81' lang='lat' dir='ltr'>negotia</span> <span class='ocrx_word' id='word_1_442' title='bbox 1296 4463 1523 4522; x_wconf 74' lang='lat' dir='ltr'>committebant</span> <span class='ocrx_word' id='word_1_443' title='bbox 1552 4481 1622 4537; x_wconf 80' lang='lat' dir='ltr'>gra·</span> 
     </span>
     <span class='ocr_line' id='line_1_45' title="bbox 306 4549 1624 4616; baseline 0 -5"><span class='ocrx_word' id='word_1_444' title='bbox 306 4552 437 4612; x_wconf 78' lang='lat' dir='ltr'>ferentis</span> <span class='ocrx_word' id='word_1_445' title='bbox 452 4553 484 4610; x_wconf 87' lang='lat' dir='ltr'>et</span> <span class='ocrx_word' id='word_1_446' title='bbox 499 4550 642 4610; x_wconf 71' lang='lat' dir='ltr'>serentes</span> <span class='ocrx_word' id='word_1_447' title='bbox 652 4551 829 4612; x_wconf 82' lang='lat' dir='ltr'>Noratienis</span> <span class='ocrx_word' id='word_1_448' title='bbox 839 4553 951 4616; x_wconf 83' lang='lat' dir='ltr'>favens.</span> <span class='ocrx_word' id='word_1_449' title='bbox 977 4551 1108 4612; x_wconf 81' lang='lat' dir='ltr'>vissims.</span> <span class='ocrx_word' id='word_1_450' title='bbox 1124 4553 1206 4614; x_wconf 88' lang='lat' dir='ltr'>Inter</span> <span class='ocrx_word' id='word_1_451' title='bbox 1221 4569 1270 4610; x_wconf 87' lang='lat' dir='ltr'>ess</span> <span class='ocrx_word' id='word_1_452' title='bbox 1286 4551 1360 4612; x_wconf 87' lang='lat' dir='ltr'>aliae</span> <span class='ocrx_word' id='word_1_453' title='bbox 1376 4553 1447 4609; x_wconf 90' lang='lat' dir='ltr'>sunt</span> <span class='ocrx_word' id='word_1_454' title='bbox 1461 4549 1624 4612; x_wconf 83' lang='lat' dir='ltr'>historicae</span> 
     </span>
     <span class='ocr_line' id='line_1_46' title="bbox 306 4639 1620 4720; baseline -0.002 -18"><span class='ocrx_word' id='word_1_455' title='bbox 306 4641 396 4702; x_wconf 83' lang='lat' dir='ltr'>Liber</span> <span class='ocrx_word' id='word_1_456' title='bbox 410 4641 452 4700; x_wconf 82' lang='lat' dir='ltr'>cd</span> <span class='ocrx_word' id='word_1_457' title='bbox 466 4641 604 4717; x_wconf 74' lang='lat' dir='ltr'>cirpinem</span> <span class='ocrx_word' id='word_1_458' title='bbox 619 4642 748 4702; x_wconf 71' lang='lat' dir='ltr'>ducum</span> <span class='ocrx_word' id='word_1_459' title='bbox 763 4642 884 4718; x_wconf 88' lang='lat' dir='ltr'>spurius</span> <span class='ocrx_word' id='word_1_460' title='bbox 894 4645 949 4708; x_wconf 86' lang='lat' dir='ltr'>est.</span> <span class='ocrx_word' id='word_1_461' title='bbox 978 4641 1080 4720; x_wconf 83' lang='lat' dir='ltr'>magni</span> <span class='ocrx_word' id='word_1_462' title='bbox 1095 4640 1253 4710; x_wconf 86' lang='lat' dir='ltr'>momenti;</span> <span class='ocrx_word' id='word_1_463' title='bbox 1276 4640 1351 4700; x_wconf 87' lang='lat' dir='ltr'>aliae</span> <span class='ocrx_word' id='word_1_464' title='bbox 1373 4639 1556 4716; x_wconf 79' lang='lat' dir='ltr'>dogmaticae</span> <span class='ocrx_word' id='word_1_465' title='bbox 1571 4640 1620 4700; x_wconf 81' lang='lat' dir='ltr'>vel</span> 
     </span>
     <span class='ocr_line' id='line_1_47' title="bbox 978 4727 1621 4808; baseline -0.003 -18"><span class='ocrx_word' id='word_1_466' title='bbox 978 4729 1161 4808; x_wconf 64' lang='lat' dir='ltr'>exagellam</span> <span class='ocrx_word' id='word_1_467' title='bbox 1192 4728 1266 4790; x_wconf 87' lang='lat' dir='ltr'>alias</span> <span class='ocrx_word' id='word_1_468' title='bbox 1290 4728 1417 4788; x_wconf 88' lang='lat' dir='ltr'>morales</span> <span class='ocrx_word' id='word_1_469' title='bbox 1447 4727 1497 4789; x_wconf 83' lang='lat' dir='ltr'>rel</span> <span class='ocrx_word' id='word_1_470' title='bbox 1535 4727 1621 4788; x_wconf 87' lang='lat' dir='ltr'>ismi-</span> 
     </span>
    </p>
   </div>
   <div class='ocr_carea' id='block_1_3' title="bbox 307 4818 468 4830">
    <p class='ocr_par' dir='ltr' id='par_1_3' title="bbox 307 4818 468 4830">
     <span class='ocr_line' id='line_1_48' title="bbox 307 4818 468 4830; baseline -0.025 0"><span class='ocrx_word' id='word_1_471' title='bbox 307 4818 468 4830; x_wconf 77' lang='lat'>.-—--—-</span> 
     </span>
    </p>
   </div>
   <div class='ocr_carea' id='block_1_4' title="bbox 979 4869 1137 4880">
    <p class='ocr_par' dir='ltr' id='par_1_4' title="bbox 979 4869 1137 4880">
     <span class='ocr_line' id='line_1_49' title="bbox 979 4869 1137 4880; baseline -0.013 0"><span class='ocrx_word' id='word_1_472' title='bbox 979 4869 1137 4880; x_wconf 75' lang='lat'>-——</span> 
     </span>
    </p>
   </div>
   <div class='ocr_carea' id='block_1_5' title="bbox 342 4930 1622 5080">
    <p class='ocr_par' dir='ltr' id='par_1_5' title="bbox 342 4930 1622 5080">
     <span class='ocr_line' id='line_1_50' title="bbox 342 4930 1622 5080; baseline -0.002 -72"><span class='ocrx_word' id='word_1_473' title='bbox 342 4959 365 5026; x_wconf 73' lang='grc'>1)</span> <span class='ocrx_word' id='word_1_474' title='bbox 377 4952 492 5008; x_wconf 87' lang='lat' dir='ltr'>Prodiit</span> <span class='ocrx_word' id='word_1_475' title='bbox 509 4953 627 5010; x_wconf 85' lang='lat' dir='ltr'>seorsim</span> <span class='ocrx_word' id='word_1_476' title='bbox 646 4930 714 5011; x_wconf 77' lang='lat' dir='ltr'>eura</span> <span class='ocrx_word' id='word_1_477' title='bbox 733 4953 759 5008; x_wconf 89' lang='grc' dir='ltr'><strong><em>Κ</em></strong></span> <span class='ocrx_word' id='word_1_478' title='bbox 765 4953 876 5010; x_wconf 86' lang='lat' dir='ltr'>rabin</span> <span class='ocrx_word' id='word_1_479' title='bbox 879 4975 904 5080; x_wconf 57' lang='lat' dir='ltr'>g</span> <span class='ocrx_word' id='word_1_480' title='bbox 914 4972 951 5010; x_wconf 87' lang='lat' dir='ltr'>er</span> <span class='ocrx_word' id='word_1_481' title='bbox 1018 4959 1039 5024; x_wconf 71' lang='grc'>1),</span> <span class='ocrx_word' id='word_1_482' title='bbox 1050 4952 1221 5008; x_wconf 82' lang='lat' dir='ltr'>Prodterunt</span> <span class='ocrx_word' id='word_1_483' title='bbox 1232 4949 1622 5010; x_wconf 81' lang='lat' dir='ltr'>accuratissimecnraOsrcli</span> 
     </span>
    </p>
   </div>
   <div class='ocr_carea' id='block_1_6' title="bbox 307 5022 1621 5169">
    <p class='ocr_par' dir='ltr' id='par_1_6' title="bbox 307 5022 1621 5169">
     <span class='ocr_line' id='line_1_51' title="bbox 307 5022 1621 5097; baseline -0.002 -16"><span class='ocrx_word' id='word_1_484' title='bbox 307 5023 460 5097; x_wconf 60' lang='lat' dir='ltr'>tubingen</span> <span class='ocrx_word' id='word_1_485' title='bbox 475 5027 544 5083; x_wconf 78' lang='grc'><strong>1857</strong></span> <span class='ocrx_word' id='word_1_486' title='bbox 566 5029 595 5081; x_wconf 82' lang='lat' dir='ltr'>at</span> <span class='ocrx_word' id='word_1_487' title='bbox 609 5027 671 5096; x_wconf 85' lang='lat' dir='ltr'>jem</span> <span class='ocrx_word' id='word_1_488' title='bbox 690 5029 774 5082; x_wconf 71' lang='lat' dir='ltr'>sntoe</span> <span class='ocrx_word' id='word_1_489' title='bbox 787 5026 820 5080; x_wconf 81' lang='lat' dir='ltr'>li.</span> <span class='ocrx_word' id='word_1_490' title='bbox 834 5026 866 5082; x_wconf 90' lang='lat'>0.</span> <span class='ocrx_word' id='word_1_491' title='bbox 912 5027 950 5084; x_wconf 88' lang='lat' dir='ltr'>ii·</span> <span class='ocrx_word' id='word_1_492' title='bbox 976 5023 1140 5080; x_wconf 78' lang='lat' dir='ltr'>Schenkl</span> <span class='ocrx_word' id='word_1_493' title='bbox 1164 5023 1197 5078; x_wconf 90' lang='lat' dir='ltr'>in</span> <span class='ocrx_word' id='word_1_494' title='bbox 1221 5022 1426 5089; x_wconf 82' lang='lat' dir='ltr'>Ambrosianis,</span> <span class='ocrx_word' id='word_1_495' title='bbox 1449 5023 1526 5093; x_wconf 87' lang='lat' dir='ltr'>quod</span> <span class='ocrx_word' id='word_1_496' title='bbox 1547 5039 1621 5094; x_wconf 84' lang='lat' dir='ltr'>opus</span> 
     </span>
     <span class='ocr_line' id='line_1_52' title="bbox 310 5095 1227 5169; baseline 0.001 -19"><span class='ocrx_word' id='word_1_497' title='bbox 310 5097 408 5152; x_wconf 83' lang='lat' dir='ltr'>berti</span> <span class='ocrx_word' id='word_1_498' title='bbox 421 5096 536 5169; x_wconf 80' lang='lat' dir='ltr'>Lipsiae</span> <span class='ocrx_word' id='word_1_499' title='bbox 550 5103 628 5155; x_wconf 80' lang='grc'><strong>1839.</strong></span> <span class='ocrx_word' id='word_1_500' title='bbox 976 5097 1053 5153; x_wconf 81' lang='lat' dir='ltr'>intra</span> <span class='ocrx_word' id='word_1_501' title='bbox 1066 5095 1227 5152; x_wconf 77' lang='lat' dir='ltr'>citabimus.</span> 
     </span>
    </p>
   </div>
   <div class='ocr_carea' id='block_1_7' title="bbox 0 0 2064 5842">
    <p class='ocr_par' dir='ltr' id='par_1_7' title="bbox 0 0 2064 5842">
     <span class='ocr_line' id='line_1_53' title="bbox 0 0 2064 5842; baseline 0 5"><span class='ocrx_word' id='word_1_502' title='bbox 0 0 2064 5842; x_wconf 95' lang='lat' dir='ltr'> </span> 
     </span>
    </p>
   </div>
  </div>
 </body>
</html>
