4117 5842
198 609 202 618 .
320 587 384 642 313
815 569 937 624 Rufinus
948 566 1143 638 aquilejensis.
1568 586 1632 641 314

316 775 377 831 qua
392 754 561 832 profitetur,
588 773 620 815 se
637 755 774 833 Origenis
796 773 894 831 neque
908 755 960 814 de-
987 752 1106 814 cidents
1122 753 1253 830 primum
1261 749 1294 834 ¹).
1315 787 1357 798 -
1378 754 1515 814 Historia
1529 773 1633 815 moesu-

316 846 475 915 iensorem,
494 863 592 920 neque
607 849 785 905 assertorem
809 862 884 914 esse,
907 862 960 904 ne·
987 845 1107 904 dmum
1132 837 1185 925 (ib.
1210 839 1397 926 eet-462)
1421 861 1475 903 eeu
1497 843 1574 904 liber
1595 845 1632 904 de

317 933 715 1010 quoprimuminterpretem
729 932 868 1017 (Migne
884 933 959 1002 m,
988 932 1060 992 vitis
1076 926 1238 1014 paemene),
1255 949 1331 1008 quos
1347 933 1410 992 scil.
1425 933 1578 1006 inviserat
1595 953 1632 994 ex

318 1019 520 1106 623-838).
551 1023 615 1083 Hac
635 1027 737 1083 tamen
752 1023 888 1100 apologie
901 1041 961 1082 non
987 1022 1035 1092 iis,
1051 1040 1127 1096 quae
1143 1021 1208 1098 ipse
1223 1021 1346 1092 viderat,
1371 1022 1421 1082 vel
1435 1022 1472 1081 de
1487 1020 1561 1098 ipsis
1577 1042 1632 1085 eu-

314 1112 449 1171 multum
464 1111 601 1188 profecit,
622 1131 693 1172 nam
707 1113 865 1172 consultus
880 1114 960 1171 Ane-
988 1110 1094 1184 dierat,
1110 1111 1159 1170 vel
1174 1111 1288 1187 legerat
1302 1110 1335 1170 in
1350 1111 1501 1171 memoriis
1525 1112 1563 1171 ab
1579 1131 1631 1171 an-

318 1201 433 1261 etesius
447 1221 466 1260 a
480 1201 596 1261 Jcanne
610 1220 655 1278 ep.
672 1199 788 1271 hieros,
796 1220 869 1261 num
878 1201 960 1260 dam·
988 1199 1156 1276 tloniornm
1171 1199 1382 1260 monachorum
1398 1199 1554 1276 discipulis
1569 1202 1631 1260 ool·

315 1289 438 1350 nundus
467 1292 549 1351 esset
570 1290 696 1350 Rufinus
719 1292 757 1350 cb
777 1290 854 1350 banc
875 1308 962 1350 enam
988 1288 1074 1348 lectis
1099 1307 1122 1348 c.
1145 1307 1169 1348 e.
1195 1297 1379 1353 401—410.
1409 1289 1489 1348 Haec
1505 1289 1632 1350 historia

315 1378 496 1448 versionem,
512 1380 678 1456 prudenter
691 1380 856 1456 respondit,
873 1397 958 1454 sepo·
988 1378 1039 1436 rix
1053 1377 1135 1438 edite
1150 1377 1247 1438 varias
1270 1377 1302 1436 in
1317 1377 1437 1456 linguas
1462 1396 1548 1438 verse
1562 1379 1633 1448 fnit.

315 1469 379 1528 sita
409 1468 491 1528 omni
523 1468 691 1544 suspicione
715 1468 961 1545 perpendendum
988 1467 1174 1544 ingreecam,
1191 1466 1518 1542 copticam.armsnam,
1535 1466 1631 1546 syria·

318 1575 395 1626 sese,
411 1576 473 1633 qno
487 1557 587 1618 animo
609 1556 640 1616 id
663 1561 744 1617 esset
767 1575 915 1636 agressus,
930 1560 963 1616 et
988 1575 1061 1624 cem,
1094 1574 1155 1632 qua
1183 1554 1216 1614 in
1246 1555 1352 1632 lingua
1373 1555 1502 1633 vestigia
1525 1556 1632 1617 ealtmn
1732 1631 1734 1636 Α

315 1665 388 1708 eum
403 1645 524 1723 quidem
540 1646 741 1707 domandum
756 1665 831 1717 esse,
848 1646 875 1706 si
891 1664 961 1722 pro·
988 1647 1118 1721 quatuor
1150 1644 1323 1704 versionum
1353 1644 1561 1722 reperiuntur:
1601 1647 1634 1704 et

315 1736 384 1812 pria
398 1737 500 1796 mente
514 1735 959 1812 etlandansacprobanstrana·
987 1734 1119 1793 multum
1141 1733 1245 1792 medio
1262 1752 1333 1794 aevo
1358 1753 1392 1793 ea
1406 1734 1540 1793 lectitata
1562 1734 1629 1804 luit,

315 1825 432 1896 tulerit,
449 1843 536 1884 secus
552 1825 579 1883 si
593 1825 843 1901 ipsnmaccusens
858 1828 958 1884 aucto·
988 1836 1076 1898 saepe
1108 1826 1177 1899 post
1216 1823 1369 1882 inventum
1401 1823 1632 1900 typographiam

314 1913 494 1990 rem2ipsem
509 1913 960 1989 veroversicnemmiuimeprc·
987 1911 1083 1980 edita;
1109 1911 1221 1986 optime
1245 1913 1325 1972 edite
1350 1911 1476 1972 habetur
1501 1911 1532 1971 in
1553 1911 1630 1972 Vitis

314 2003 376 2062 but.
394 2003 532 2063 Vertitet
545 2001 710 2064 Eusebii
724 2003 961 2062 caesdistoricm
986 2003 1108 2076 patrum
1124 2001 1170 2062 ed.
1185 2020 1203 2061 a
1217 1999 1433 2077 Bosweydc
1449 2002 1633 2077 Antverpiae

315 2093 550 2162 mmmmm
567 2091 745 2152 vertitforte
760 2092 960 2152 etJos.Fla·
991 2097 1073 2153 1615
1101 2089 1134 2148 iu
1155 2089 1176 2148 f.
1192 2121 1236 2131 -
1252 2090 1295 2149 De
1317 2089 1554 2149 benedictionibus
1572 2109 1630 2166 pc·

316 2181 372 2239 vii
388 2182 429 2250 ds,
439 2181 510 2240 bello
517 2181 642 2256 judaico
653 2180 824 2241 historiam:
840 2180 893 2240 sed
908 2199 959 2258 ge-
986 2179 1188 2238 triurciscrum
1209 2179 1241 2242 ll.
1264 2179 1302 2250 II,
1325 2179 1358 2238 in
1380 2178 1491 2254 quibus
1507 2183 1633 2256 rogante

314 2270 445 2330 neretim
469 2269 503 2329 in
527 2269 591 2329 suis
613 2269 804 2329 versionibus
828 2288 889 2329 non
913 2272 961 2330 est
987 2267 1114 2327 Paulino
1123 2266 1240 2328 Nolano
1256 2267 1432 2328 vaticinium
1447 2267 1632 2344 patriarches

315 2359 414 2419 fidelis
430 2359 579 2436 interpres
593 2358 686 2418 nimia
701 2363 791 2418 utens
805 2358 959 2418 libertate:
986 2356 1079 2416 Jacob
1095 2355 1300 2417 benedicentis
1322 2355 1393 2416 filiis
1419 2357 1482 2416 euie
1498 2357 1569 2418 Geu.
1587 2368 1627 2420 49
1674 2357 1676 2362 ’

313 2468 383 2508 uam
416 2447 546 2507 subinde
576 2447 677 2523 alique
714 2448 872 2521 contrahit,
911 2449 960 2507 vel
987 2445 1101 2522 triplici
1140 2463 1232 2506 aenou
1269 2446 1421 2517 historico,
1460 2445 1566 2506 morali
1600 2449 1630 2505 et

316 2537 441 2608 omittit,
458 2537 506 2597 vel
529 2536 620 2596 etiam
645 2537 770 2614 corrigit
791 2540 882 2614 etque
905 2537 960 2596 eli·
987 2535 1114 2612 mystico
1144 2535 1266 2610 exponit
1296 2531 1350 2618 (ib.
1373 2555 1403 2611 p.
1431 2531 1630 2616 ese-335).

316 2627 415 2686 minat
429 2629 467 2686 ut
481 2644 526 2685 ex.
540 2645 584 2703 gr.
600 2626 634 2684 in
649 2625 787 2703 Origenis
801 2625 896 2698 libris,
912 2626 960 2684 vel
987 2623 1223 2684 Commentarius
1253 2625 1284 2682 in
1307 2625 1463 2701 symbolum
1486 2625 1628 2700 apostolo·

315 2715 406 2776 etiam
421 2714 517 2778 addit.
986 2731 1063 2782 rom,
1094 2731 1169 2789 opus
1200 2713 1384 2788 praeclarum
1413 2717 1444 2773 et
1466 2713 1627 2782 eruditum,

986 2803 1088 2879 magni
1103 2820 1219 2878 semper
1234 2801 1426 2862 aestimatum
1449 2801 1502 2882 (ib.
1520 2810 1629 2865 335—

363 2905 434 2957 111).
449 2893 571 2953 Praeter
592 2892 741 2953 versiones
766 2892 825 2952 alia
840 2911 959 2970 qnoque
989 2887 1136 2970 3811-
1152 2891 1311 2970 Apolopioe
1326 2891 1359 2949 in
1373 2909 1397 2950 s.
1413 2890 1630 2968 Hieronymum

315 2981 484 3059 composuit
509 3000 605 3058 opera
633 2982 681 3041 Ita
702 2982 844 3042 historiae
866 2983 959 3041 eccla·
986 2980 1019 3038 ll.
1035 2981 1065 3039 11
1080 2979 1169 3040 etiam
1195 2980 1364 3040 Invectivee
1388 2979 1463 3038 dicti
1480 2974 1532 3059 (ib.
1551 2988 1629 3042 541·

317 3067 959 3154 nmdceellusebiiedjeeic(e.402·4ce).
989 3064 1076 3150 623),
1093 3069 1146 3144 qui
1161 3069 1280 3128 utinam
1295 3085 1356 3128 non
1371 3068 1501 3128 fuissent
1517 3068 1632 3144 scripti.

317 3160 392 3220 duos
399 3161 432 3222 Il.
441 3158 488 3239 (K
497 3159 583 3220 etXL
593 3177 664 3220 enee
673 3160 827 3230 versionis,
844 3164 959 3219 contra·
988 3159 1060 3218 Oum
1077 3158 1156 3218 enim
1173 3157 1319 3218 audiisset
1335 3175 1367 3216 se
1377 3157 1485 3216 Itomae
1501 3156 1629 3216 haeresis

316 3253 400 3308 reret
414 3249 495 3308 enim
510 3249 530 3310 l
547 3249 588 3309 IX
594 3249 787 3308 etXIIussbii
797 3249 830 3308 in
836 3244 957 3330 unum),
987 3247 1177 3324 origenianae
1192 3246 1310 3307 nomine
1335 3247 1368 3305 in
1391 3246 1503 3306 crimen
1518 3245 1631 3317 venire,

316 3340 428 3414 quibus
443 3338 525 3397 illam
543 3339 580 3398 ab
595 3359 621 3397 e.
639 3347 702 3401 324
719 3338 960 3415 prosequitnrad
987 3354 1037 3396 ecs
1054 3336 1163 3396 direxit
1178 3339 1280 3396 contre
1294 3336 1519 3412 Hieronymum,
1540 3353 1631 3410 quem

319 3437 379 3491 395
407 3421 549 3508 (Migne
572 3427 648 3498 XXI,
675 3423 873 3508 cel—541).
907 3426 960 3487 aed
986 3425 1082 3484 totius
1096 3424 1294 3485 accusationis
1310 3429 1459 3484 auctorem
1480 3427 1511 3485 et
1526 3423 1628 3484 iucen-

317 3518 390 3575 satis
406 3516 507 3576 obiter
521 3516 585 3577 aine
602 3516 763 3576 sufficienti
772 3516 960 3576 accuretione
986 3517 1081 3574 torem
1098 3514 1236 3574 credebat
1250 3510 1288 3594 (c.
1304 3533 1329 3574 s.
1347 3523 1409 3578 399
1426 3514 1474 3573 vel
1491 3517 1630 3588 400).-

317 3624 371 3665 seu
385 3605 501 3665 minore
516 3605 637 3683 ingenio
652 3623 686 3664 ac
701 3605 774 3684 fide:
797 3608 844 3665 est
859 3608 960 3664 tamen
988 3602 1148 3680 Operauon
1156 3601 1598 3682 genuinasuutdomnrentarius
1604 3597 1633 3683 ³)

317 3695 465 3770 specimen
482 3695 626 3754 historias
641 3694 959 3754 ecclesiasticasInOc·
987 3727 1146 3734 --——-

1026 3778 1045 3846 ¹)
1059 3773 1101 3829 cf.
1114 3773 1145 3827 Ε.
1159 3772 1185 3827 J.
1199 3774 1366 3837 Kimmel‚
1378 3773 1414 3827 de
1427 3772 1532 3828 Rufino
1545 3771 1631 3826 Euse-

987 3844 1029 3900 bii
1042 3845 1198 3916 interprete
1211 3845 1241 3900 ll.
1253 3851 1279 3908 2,
1293 3844 1383 3898 Gerae
1400 3851 1476 3901 1838

317 3937 404 3990 quem
417 3918 610 3988 Hieronymus
622 3917 817 3973 Mediolanum
830 3917 958 3973 Romam·
1024 3921 1045 3988 ¹)
1058 3919 1083 3970 A
1091 3917 1255 3972 melinee
1263 3933 1282 3970 u
1297 3915 1332 3970 de
1346 3914 1468 3970 historie
1481 3913 1631 3978 Luneieca,

317 4009 373 4060 qne
392 3990 480 4054 mieit,
499 3989 536 4044 ed
557 3989 712 4045 Venerium
733 3991 763 4042 et
776 3988 959 4046 mesanum
986 3986 1104 4042 Parisiis
1131 3991 1209 4045 1887.
1234 3987 1274 4042 De
1305 3985 1498 4042 controversia
1529 3985 1629 4039 critica

316 4063 454 4118 adversus
466 4060 643 4132 Origenistas
664 4060 885 4117 sollicitandum.
911 4061 959 4115 Oe·
986 4058 1063 4113 inter
1074 4059 1193 4114 Luciu
1202 4077 1230 4113 m
1244 4059 1273 4114 et
1286 4058 1501 4113 Preuechen
1514 4055 1555 4128 (in
1564 4073 1630 4137 opp.

317 4138 410 4190 terum
422 4131 723 4188 hicltuflnusnatione
732 4133 827 4200 syrus.
841 4131 959 4202 Origeni
986 4131 1063 4185 intra
1077 4151 1105 4203 p.
1119 4137 1173 4187 323
1185 4130 1253 4202 cit),
1275 4147 1345 4184 num
1362 4130 1432 4184 haec
1451 4127 1571 4183 historia
1593 4129 1634 4182 ert

316 4205 434 4275 quidem
446 4204 584 4268 infensus,
594 4205 680 4272 juxta
692 4203 815 4258 Marium
828 4202 960 4258 Merca
987 4218 1060 4271 opus
1082 4201 1223 4272 originale
1245 4217 1283 4254 en
1306 4200 1398 4255 versio
1421 4216 1455 4254 ex
1478 4216 1580 4270 graeco
1594 4199 1632 4254 cf.

316 4284 434 4333 torem
458 4275 490 4329 in
530 4277 600 4330 raef.
622 4291 675 4329 sua
695 4277 755 4329 not.
775 4273 830 4329 sub
849 4276 959 4328 edna
986 4271 1172 4327 Plenlrers
1194 4274 1227 4327 0.
1248 4274 1275 4328 S.
1297 4273 1328 4325 B.
1351 4272 1383 4326 in
1403 4271 1487 4328 docte
1508 4270 1577 4324 dies.
1599 4270 1630 4325 in

318 4349 404 4403 staeic
417 4350 498 4418 pont
510 4296 630 4402 itonam
649 4346 773 4417 primurn
794 4345 906 4400 invexit
918 4362 959 4399 er·
986 4344 1127 4400 Kathclik
1151 4351 1219 4402 1899
1241 4345 1276 4408 II,
1297 4351 1330 4400 42
1351 4361 1386 4397 ss.
1412 4341 1513 4414 Operis
1533 4341 1631 4396 Rufini

315 4437 393 4475 rores
412 4419 490 4474 circo
509 4421 747 4490 protoparentum
767 4416 960 4472 conditionem
986 4415 1146 4473 versionem
1159 4416 1191 4470 in
1204 4414 1483 4486 graecumtribuunt
1496 4412 1631 4466 nonnulli

317 4490 488 4561 originalem
501 4495 532 4544 et
543 4489 685 4560 originale
697 4491 848 4560 peccatum
868 4492 914 4549 „et
926 4491 960 4542 ut
986 4487 1108 4542 Marco
1122 4488 1252 4552 diacono,
1265 4487 1300 4540 de
1315 4501 1372 4554 quo
1386 4501 1451 4539 mcx
1464 4502 1492 4554 p.
1506 4490 1568 4540 325.

315 4567 377 4617 erat
388 4565 520 4633 argutus,
539 4579 570 4616 sa
589 4561 705 4630 quidem
724 4563 762 4615 eb
774 4561 836 4628 ejus
848 4558 960 4615 invidia
1023 4562 1044 4631 ¹¹)
1059 4559 1153 4628 Hujus
1162 4554 1359 4614 commentarii
1367 4559 1467 4609 auctor
1475 4557 1630 4610 censetnra

316 4633 450 4688 muniens
462 4649 514 4704 per
525 4650 556 4688 ae
567 4632 696 4699 proferre
709 4649 767 4686 non
779 4648 866 4686 ausus
880 4630 959 4685 Pela·
986 4630 1135 4686 nonnullis
1155 4627 1387 4685 Vincentius
1407 4627 1555 4696 presbyter
1581 4640 1630 4678 na·

336 4707 396 4760 'um
409 4745 416 4758 .
430 4745 437 4758 .
451 4745 459 4757 .
471 4708 542 4758 tune
561 4703 676 4774 decepit
693 4719 817 4771 eumque
830 4702 868 4756 ad
881 4718 959 4772 prae·
986 4702 1066 4756 tione
1080 4701 1187 4764 Gallus,
1201 4702 1272 4754 teste
1286 4697 1438 4752 Gennad
1448 4696 1483 4751 ic
1496 4714 1518 4750 c.
1533 4704 1567 4752 80
1583 4694 1629 4756 „in

316 4725 423 4832 dictam
445 4775 575 4846 apprime
593 4774 701 4829 imbuit
718 4776 807 4843 atque
828 4772 960 4828 instituit
986 4773 1094 4828 divinis
1116 4770 1273 4844 Scripturie
1294 4769 1475 4831 exercitatus,
1499 4767 1632 4838 linguam

317 4847 499 4902 venientem
527 4847 569 4903 cf.
590 4846 625 4900 de
642 4847 696 4900 hoc
709 4845 812 4900 Rufino
826 4847 895 4914 Syro
910 4844 959 4899 Pe·
986 4845 1095 4900 habens
1107 4861 1161 4898 usu
1175 4841 1313 4910 loquendi
1321 4843 1350 4893 et
1356 4840 1497 4910 majorum
1507 4837 1631 4893 lectione

316 4919 387 5000 legii
399 4919 538 4989 magistro
558 4918 651 4972 fusius
672 4916 856 4972 disserentem
878 4917 960 4971 Gar·
986 4915 1130 4987 politam.“
1141 4911 1366 4968 FuitGennedio
1374 4908 1503 4992 aequalis
1511 4911 1540 4963 ct
1547 4910 1630 4990 juxte

316 5005 399 5046 nter
411 4991 429 5044 I.
444 5006 467 5044 c.
480 4993 510 5045 et
528 4988 595 5043 diss.
616 4991 638 5043 I.
657 5007 679 5044 c.
700 4992 760 5045 3et
771 4987 838 5042 diss.
851 4987 892 5041 VI
904 4996 956 5043 cl
985 4986 1108 5055 aliquos,
1131 4986 1180 5040 sed
1202 4986 1309 5053 absque
1332 4982 1488 5038 sufficienti
1509 4983 1630 5042 retrone.

316 5061 352 5116 ad
374 5061 414 5114 II.
434 5060 599 5116 Mercatoris
620 5079 667 5131 op.
690 5059 813 5132 lligne
835 5059 958 5123 XLVIII,
986 5061 1086 5113 auctor
1098 5056 1291 5127 objectionum
1299 5053 1557 5110 vincentianarum.
1568 5051 1631 5132 qui-

318 5139 367 5190 261
382 5151 417 5188 cs.
431 5136 461 5187 et
474 5141 526 5190 585
539 5150 574 5186 ss
987 5130 1040 5183 bus
1052 5147 1073 5182 s.
1087 5127 1155 5182 Pro
1167 5145 1252 5198 sper
1270 5125 1427 5196 respondit,
1449 5127 1481 5177 ut
1499 5122 1576 5178 infre
1589 5121 1630 5175 dr-
