4117 5842
826 1937 1163 2100 Lectori.¹

411 2354 447 2413 ln
472 2351 675 2413 studiosorum
700 2352 867 2430 theologiae
891 2352 1056 2413 utilitatem
1078 2352 1245 2413 illustrium
1270 2352 1303 2411 in
1327 2369 1408 2411 sucre
1432 2351 1486 2411 huo
1509 2349 1634 2411 scientis

319 2461 455 2521 virorum
479 2460 700 2539 composuimus
725 2460 889 2525 elenchum.
922 2462 994 2519 Cum
1020 2460 1101 2520 enim
1125 2459 1158 2519 in
1183 2460 1317 2537 quelibet
1346 2459 1408 2519 fere
1431 2460 1479 2521 rel
1509 2459 1635 2520 minime

321 2569 495 2647 quaestione
519 2568 686 2646 theologice
709 2568 843 2645 plurium
867 2552 1003 2628 occurret
1025 2568 1149 2640 mentio,
1170 2568 1259 2629 n'osse
1278 2568 1401 2645 juverit,
1423 2588 1484 2645 qno
1506 2568 1634 2645 quisque

322 2676 424 2737 seculo
440 2693 535 2751 quere
550 2674 583 2733 in
598 2674 720 2752 regione
734 2677 766 2734 et
782 2673 963 2749 quibuscum
978 2674 1121 2747 floruerit,
1137 2675 1217 2750 qnod
1226 2675 1353 2735 oliorum
1367 2674 1404 2735 de
1413 2675 1479 2753 ipso
1485 2674 1636 2752 judicium

321 2787 353 2843 et
369 2782 518 2861 quantum
535 2781 576 2841 sit
591 2799 716 2858 operum
731 2779 828 2857 ipsius
843 2780 983 2858 pretium.
998 2780 1018 2840 J
1020 2780 1121 2841 urerit
1138 2799 1258 2857 quoque
1273 2799 1370 2853 nosse,
1387 2781 1512 2857 quinem
1525 2782 1558 2841 in
1573 2781 1636 2841 sin·

322 2891 406 2969 gulis
421 2888 590 2965 disciplinis
606 2887 782 2965 theologicis
798 2887 989 2965 eminuerint,
1006 2905 1082 2963 quse
1098 2905 1187 2964 opere
1201 2888 1360 2965 praecipue
1375 2890 1407 2947 st
1420 2887 1549 2959 densius,
1565 2905 1637 2964 pree

322 2998 431 3059 ceteris
457 2990 679 3078 consulends¹)‚
704 3014 774 3055 nem
798 2994 930 3055 haurit
954 3014 1089 3071 equum
1114 2993 1255 3067 cribro,
1280 2995 1348 3071 qni
1371 2995 1526 3055 discere
1549 2993 1638 3053 vult

323 3105 412 3163 sine
427 3101 541 3175 libro,
557 3101 763 3179 utinqniunt:
780 3101 832 3161 sed
846 3101 974 3161 libros
989 3104 1096 3160 reete
1111 3119 1227 3161 nosse
1242 3104 1302 3161 est
1317 3101 1525 3162 dimidium
1540 3099 1638 3161 didi·

321 3213 427 3273 cisse
439 3211 503 3287 jum
519 3214 606 3271 vetus
622 3214 670 3270 est
684 3210 831 3289 adagium,
846 3210 1052 3287 temporisque
1067 3209 1138 3269 hinc
1152 3209 1304 3270 lucremur
1319 3209 1492 3287 plurimum.

432 3318 501 3376 lion
518 3316 660 3377 molimur
674 3317 797 3393 quidem
818 3316 1030 3376 historiam
1052 3316 1216 3376 literarium
1231 3316 1407 3394 theologice,
1422 3318 1542 3377 tuntum
1558 3316 1639 3376 enim

322 3443 400 3504 opus
415 3424 508 3483 unius
523 3425 646 3500 superet
660 3423 739 3484 vires
755 3424 980 3499 incultumque,
998 3423 1126 3482 maxime
1141 3441 1210 3482 roro
1220 3425 1347 3488 nostres.
1364 3424 1394 3485 Si
1409 3422 1483 3500 quid
1492 3426 1592 3483 tumen
1601 3423 1639 3481 ed

323 3552 388 3593 eum
404 3531 539 3592 conferre
556 3548 723 3608 possumus,
739 3533 860 3609 gestum
874 3531 907 3590 id
922 3530 1008 3591 nohis
1025 3530 1148 3590 accidet
1162 3530 1251 3590 Hsud
1266 3550 1372 3607 perum
1388 3535 1489 3593 sutem
1504 3532 1640 3593 conferre

323 3638 361 3697 sd
377 3635 527 3714 ejusmodi
543 3636 698 3697 historiam
713 3638 921 3715 theologorum
938 3640 1096 3715 syntagma
1120 3638 1326 3717 chronologice
1342 3640 1520 3717 dispositum
1534 3658 1639 3701 secun·

324 3743 398 3803 dnm
412 3743 554 3802 notiones
568 3746 599 3803 et
608 3744 714 3815 renes,
725 3762 800 3820 ques
806 3744 958 3821 theologis
966 3743 1185 3821 complectitur,
1195 3744 1368 3821 disciplinas
1376 3762 1463 3806 nemo
1472 3763 1534 3805 non
1542 3743 1640 3814 ridet3

325 3852 407 3911 hisce
423 3849 573 3927 siquidem
596 3850 768 3911 continetur
783 3850 847 3927 jem
870 3849 1016 3926 quaedum
1042 3849 1125 3910 illins
1148 3850 1316 3915 delineatio.
1346 3851 1427 3912 Illud
1442 3869 1513 3912 roro
1528 3849 1641 3910 emolu·

326 3958 423 4018 menti
438 3976 473 4016 ex
489 3957 543 4017 hoc
558 3957 767 4036 theologorum
788 3958 959 4018 recensione
982 3958 1192 4036 chronologice
1213 3961 1245 4018 et
1266 3958 1462 4036 dispositione
1477 3958 1643 4019 secundum

326 4065 502 4142 disciplinas
518 4068 549 4123 et
565 4067 671 4142 gentes
687 4066 782 4142 cupiet
797 4065 934 4142 quisque,
950 4068 985 4125 ut
1001 4084 1064 4125 uno
1079 4066 1175 4126 veluti
1190 4068 1351 4143 conspectu
1365 4065 1474 4139 videet,
1490 4085 1550 4142 quo
1564 4066 1643 4142 peri·

330 4172 388 4232 odo
404 4190 501 4249 queve
517 4172 550 4231 in
565 4172 687 4250 regione
702 4172 825 4249 plurimi
841 4174 889 4232 vel
903 4174 1058 4251 pauciores
1073 4173 1443 4246 floruerintvirierudit13
1464 4191 1540 4249 quse
1555 4172 1644 4231 disci-

330 4280 432 4357 plinae
447 4298 518 4358 pree
534 4280 640 4341 ceteris
656 4281 800 4353 excultae,
817 4298 894 4357 queo
909 4280 986 4339 forte
1001 4282 1036 4366 et
1048 4299 1109 4356 que
1123 4280 1155 4339 in
1171 4282 1261 4358 gente
1274 4279 1434 4357 neglectos,
1457 4298 1533 4355 quse
1549 4279 1643 4339 soien-

330 4388 391 4447 tise
406 4386 593 4465 theologicae
609 4386 773 4446 secundnm
788 4389 885 4447 totum
901 4405 987 4447 susm
1004 4386 1197 4446 latitudinem
1211 4386 1303 4445 variis
1318 4386 1351 4445 in
1365 4385 1439 4445 locis
1449 4383 1544 4444 stedia
1554 4386 1644 4459 utque

331 4512 517 4572 progressus.

441 4722 463 4791 ¹)
475 4717 516 4773 De
531 4716 677 4788 theologie
691 4715 814 4785 maximo
828 4733 894 4771 vera
912 4718 990 4782 sunt,
1001 4733 1076 4785 quoe
1087 4715 1118 4769 in
1135 4732 1238 4786 genere
1249 4714 1375 4767 affirmat
1389 4713 1478 4769 Gottl.
1489 4712 1578 4768 Stoll
1591 4713 1644 4784 (in-

333 4804 403 4860 trod.
417 4804 447 4858 in
462 4804 528 4859 hiet.
542 4804 616 4859 liter.
631 4804 721 4859 latine
740 4803 848 4858 editum
862 4822 879 4857 c
893 4804 954 4859 Cer.
969 4804 1057 4858 Henr.
1070 4803 1222 4875 hangio.
1242 4802 1332 4856 Jence
1347 4806 1457 4872 17281).
1471 4806 1513 4875 8);
1541 4801 1644 4866 „Medi-

332 4892 402 4949 tstio
416 4898 514 4949 nostro
527 4895 652 4949 multum
672 4894 783 4949 confert
795 4894 831 4947 sd
846 4892 1046 4957 cruditionem,
1059 4891 1186 4946 succurri
1207 4895 1303 4944 tomen
1325 4890 1352 4945 ei
1365 4890 1450 4946 dehet
1462 4891 1543 4947 honis
1556 4891 1644 4947 libris.

334 4982 410 5037 Mille
424 4980 501 5037 oculi
514 4982 580 5053 plus
593 4988 668 5037 certe
682 4982 791 5048 vident,
805 5000 892 5050 quam
906 4981 1023 5051 quidem
1038 4981 1110 5040 duo:
1124 4984 1211 5048 atque
1222 4980 1246 5034 is
1256 4978 1387 5035 insenum
1397 4980 1432 5034 de
1443 4998 1471 5035 se
1481 4980 1645 5051 opinionem

333 5071 428 5127 fovere
441 5072 543 5126 merito
556 5071 690 5136 creditur,
704 5069 756 5141 qui
769 5074 813 5125 tot
825 5069 947 5140 ipsemet
968 5069 1105 5123 veritates
1120 5068 1253 5139 reperire,
1274 5072 1346 5136 quot
1363 5067 1456 5123 millis
1470 5069 1647 5124 eruditorum

332 5162 392 5230 jem
405 5177 544 5231 reperere,
558 5164 678 5231 speret-⁶
