4117 5842
829 1929 833 1934 ,
1032 1835 1149 1935 XII.

599 2019 876 2156 Scriptores
910 2015 1235 2127 ecelesiastici
1260 2015 1417 2126 seculi
1443 2015 1575 2127 VIII.

783 2215 891 2310 Pers
925 2215 1054 2332 prior
1075 2215 1117 2331 (7
1125 2221 1369 2329 01—750).
1389 2275 1394 2282 -

481 2622 552 2676 aas
569 2611 642 2670 'Pota
658 2613 711 2670 hac
727 2612 821 2686 priori
837 2629 892 2670 sec.
904 2609 974 2670 VIII
990 2614 1075 2686 parte
1088 2608 1090 2701 ζ
1104 2611 1300 2680 diaconatum,
1317 2611 1468 2670 tricesimo
1480 2611 1607 2688 gradum
1622 2612 1747 2690 presby·

433 2721 512 2760 unus
528 2720 598 2776 pree
614 2702 720 2760 ceteris
730 2700 876 2777 theologis
893 2699 1013 2775 speciali
1030 2704 1074 2758 at·
1087 2704 1090 2751 l
1103 2702 1218 2758 teratus
1234 2699 1368 2774 suscepit
1389 2703 1421 2758 et
1442 2719 1477 2758 ex
1492 2718 1527 2758 eo
1543 2703 1680 2775 tempore
1695 2720 1745 2761 ua·

433 2791 567 2850 tentione
578 2789 688 2868 dignus
698 2792 745 2849 est
755 2810 781 2849 v.
799 2768 1089 2870 Beda1)(Baeda)‚⁴
1103 2807 1161 2863 que
1177 2789 1214 2846 ad
1234 2809 1259 2846 a
1282 2788 1388 2847 aetatis
1404 2807 1475 2848 snae
1492 2799 1532 2852 59
1549 2789 1633 2848 varia
1648 2791 1746 2866 coepit

433 2880 574 2940 ecclesiae
597 2880 768 2956 anglicanae
792 2880 901 2948 lumen,
928 2881 1016 2937 natus
1042 2879 1089 2939 in:
1103 2877 1135 2934 in
1151 2877 1334 2953 Scriptorum
1356 2895 1378 2937 s.
1401 2897 1472 2937 snae
1494 2896 1680 2953 suorumque
1694 2898 1744 2939 ne·

433 2971 497 3028 vico
522 2969 635 3028 Sooliae
657 2969 826 3045 propinquo
850 2967 973 3026 Girvum
996 2967 1073 3044 (ven
1087 2950 1089 2973 ’
1102 2967 1234 3025 cessitati
1254 2967 1399 3042 opuscula
1420 2985 1610 3044 componere:
1638 2968 1692 3027 sed
1714 2974 1746 3027 et

431 3059 537 3117 nacnle
548 3058 656 3134 Gyrwy
673 3075 726 3117 sen
735 3057 756 3116 J
756 3052 862 3137 amco)
878 3056 956 3114 dicto
973 3075 998 3118 a.
1010 3066 1073 3118 674
1086 3048 1088 3089 ¹
1102 3055 1238 3131 patribus
1252 3055 1474 3114 addictissimus
1490 3056 1558 3126 fnit,
1574 3055 1619 3114 ita
1633 3060 1671 3116 ut
1685 3076 1744 3116 non

431 3141 529 3230 (juxta
541 3146 857 3206 aliosanctoresetiam
869 3162 974 3222 graves
987 3141 1074 3226 672).
1102 3148 1163 3202 tam
1179 3163 1255 3203 nora
1270 3144 1386 3204 cuderit
1407 3162 1504 3222 opera,
1527 3164 1617 3220 quam
1640 3165 1676 3204 ex
1698 3147 1743 3222 ip·

433 3236 505 3296 Cum
521 3239 601 3294 esset
623 3255 648 3294 a.
673 3239 786 3312 septem
805 3253 875 3294 cura
890 3235 1073 3309 propinquo·
1103 3251 1203 3292 sorum
1241 3234 1443 3292 monumentis
1481 3234 1661 3294 collectanea
1695 3255 1744 3294 cx·

431 3345 498 3384 rum
515 3325 602 3382 datus
618 3327 664 3383 est
679 3324 851 3383 educandus
866 3323 967 3382 abbati
978 3325 1072 3382 Bene·
1101 3323 1247 3399 cerpsisse
1262 3322 1399 3382 videatur
1414 3325 1504 3399 atque
1520 3323 1565 3381 ita
1579 3325 1745 3383 transfudit

432 3414 520 3484 dicto,
537 3432 570 3472 ac
583 3413 690 3471 deinde
701 3413 854 3482 Oeolfrid0‚
873 3416 1073 3488 nunciumque
1085 3414 1088 3517 j
1101 3412 1258 3470 thesauros
1274 3412 1452 3471 ernditIonis
1461 3413 1676 3472 ecclesiasticae
1691 3433 1744 3472 an-

432 3521 467 3560 ex
490 3519 523 3560 eo
547 3505 666 3576 tempus
691 3502 724 3560 in
745 3502 879 3577 ejusdem
902 3501 1073 3560 monasterii
1085 3538 1088 3621 ι
1102 3502 1204 3576 tiqnae
1220 3501 1332 3560 canalis
1347 3502 1443 3560 instar
1457 3501 1558 3560 uberis
1574 3502 1606 3560 in
1618 3503 1743 3580 Angliae

432 3590 589 3667 girwensis
605 3591 787 3649 habitatione
803 3591 928 3668 peregit.
960 3590 1073 3649 Ibidem
1085 3630 1087 3643 ·
1101 3593 1205 3666 gentes
1224 3592 1383 3666 totumque
1393 3590 1648 3660 medianarum,
1659 3595 1744 3669 cnjus

432 3697 548 3739 omnem
571 3679 750 3738 meditandis
768 3679 929 3756 Scripturis
953 3698 1072 3754 operam
1100 3679 1244 3755 magister
1259 3679 1318 3738 dici
1333 3676 1473 3761 potest1).
1501 3679 1618 3738 Morum
1633 3683 1744 3741 sancti-

432 3768 523 3838 dedit,
534 3771 623 3843 atque
634 3768 713 3827 inter
723 3769 926 3828 observantias
936 3768 1071 3844 discipli·
1085 3764 1086 3793 r

432 3875 487 3916 nae
503 3858 649 3934 regularis
666 3861 696 3916 et
712 3858 917 3934 quotidianam
933 3854 1087 3916 cantandi'
1140 3907 1157 3975 Ι)
1172 3903 1217 3956 Ad
1239 3919 1299 3957 rem
1321 3902 1478 3958 werner
1500 3903 1576 3958 Beda
1601 3902 1653 3958 der
1675 3903 1744 3958 pbr.

431 3946 463 4004 in
484 3946 606 4006 ecclesia
622 3965 730 4014 curam,
755 3965 870 4024 semper·
893 3949 945 4004 aut
960 3947 1072 4047 discere
1101 3973 1231 4045 wmdjge
1244 3975 1304 4028 und
1318 3975 1397 4030 sem
1410 3974 1480 4029 gest·
1493 3974 1579 4030 ΨΜ
1595 3977 1663 4032 18'15
1676 3992 1743 4048 pag.

431 4039 484 4095 aut
500 4037 603 4094 docere
627 4040 681 4095 eut
703 4037 831 4095 seribere
851 4036 938 4094 dulce
955 4036 1071 4095 habuit.
1100 4053 1150 4102 35:
1168 4045 1225 4098 liar
1238 4045 1291 4100 ihn
1304 4045 1439 4102 handelte
1451 4064 1481 4100 ea
1493 4046 1555 4100 sich
1568 4046 1652 4102 nicht
1662 4049 1745 4102 mehr

431 4125 557 4183 Nullum
567 4125 626 4184 fuit
636 4125 709 4184 artis
720 4129 773 4184 sut
783 4125 957 4201 disciplinae
967 4142 1072 4202 genua,
1084 4088 1165 4191 llwie
1178 4117 1225 4171 far
1237 4107 1745 4191 1⁵1d0rldst⁸Alleundllberlieferte

431 4214 463 4271 in
486 4233 546 4289 quo
567 4215 614 4272 vir
633 4214 766 4273 discendi
783 4214 888 4272 avidus
904 4233 965 4273 non
980 4213 1073 4272 fuerit
1099 4189 1745 4318 fflffifflwss·fflssffiitgeffuffigssva

1064 4303 1070 4314 ·
1200 4301 1207 4324 2

430 4303 661 4380 diligentissime
683 4306 836 4362 versatus:
862 4304 893 4385 in
919 4306 1004 4378 cujus
1029 4321 1073 4362 rer
1101 4330 1157 4385 den
1187 4331 1360 4402 nachfolgen
1381 4347 1418 4386 θη
1448 4331 1671 4387 Gmhlechpm
1708 4353 1744 4390 m

430 4391 598 4450 subsidium
614 4393 703 4452 etiam
718 4411 851 4470 graecam
862 4392 997 4469 linguam
1014 4392 1072 4450 sibi
1085 4432 1087 4455 i
1100 4401 1293 4467 thermitteln,
1316 4403 1440 4458 sondern
1464 4403 1510 4458 die
1536 4421 1589 4459 aua
1607 4403 1675 4459 dem
1693 4406 1745 4460 Zu-

430 4485 659 4556 comporaverat.
696 4483 815 4541 Decimo
839 4499 918 4540 neno
944 4481 1021 4540 vitae
1047 4501 1072 4539 a.
1084 4470 1087 4485 ’
1101 4475 1337 4529 ffifflfflessbfflhe
1351 4475 1402 4528 (101
1413 4476 1493 4529 allen
1506 4475 1681 4559 Cullfflsslt
1714 4511 1744 4560 ,-

1100 4547 1223 4599 retteten
1244 4546 1304 4600 und
1324 4546 1456 4602 erhalten
1477 4548 1669 4618 gebhebenen
1687 4493 1744 4603 ffi-

1085 4634 1087 4647 ’
1101 4617 1309 4686 dungsschdtae
1323 4618 1383 4672 und
1393 4617 1480 4672 Bildu
1536 4618 1744 4675 mittelfdrdie

470 4691 487 4758 1)
502 4687 631 4741 Fuerunt
644 4688 721 4741 hand
739 4689 826 4769 longo
840 4691 898 4742 tem
920 4705 968 4742 ore
981 4689 1018 4742 ab
1031 4688 1073 4742 in-
1100 4687 1217 4742 Zweche
1230 4689 1279 4743 dea
1296 4688 1484 4745 christlichen
1524 4690 1696 4745 nterrichtea
1708 4709 1744 4746 zu

430 4758 521 4813 vicem
534 4759 671 4812 summoti
684 4759 741 4814 duo
754 4759 805 4813 alir
820 4758 875 4812 viri
920 4759 1010 4813 edae
1025 4775 1073 4814 no·
1084 4768 1087 4783 ’
1100 4760 1279 4826 rerrrenden¹
1304 4760 1425 4816 welches
1447 4761 1494 4815 die
1516 4761 1672 4832 Unterlage
1694 4762 1743 4817 des

429 4829 1074 4957 tetta:ttttttittttetittet
1099 4830 1743 4960 ttltttlttttt‘ttetet‘ffltmtt

429 4970 617 5026 aslnthberti
638 4974 875 5030 c.371andatus.
902 4975 982 5029 Alter
995 4973 1073 5028 Beda
1101 4974 1234 5045 Anfhnge
1264 4975 1356 5030 dieses
1382 4992 1476 5030 neuen
1500 4975 1611 5030 BIIdun
1646 4977 1744 5033 lebena

430 5039 525 5096 Caroli
538 5043 576 5099 hl.
589 5044 719 5112 aequalis
740 5048 775 5098 ut
787 5046 944 5100 monachus
957 5049 1085 5101 sanctus*
1099 5048 1222 5101 nehmen
1235 5045 1304 5110 sich.
1318 5047 1372 5101 wie
1381 5048 1425 5106 ⁴sie
1435 5065 1490 5101 uns
1502 5047 1534 5100 in
1547 5047 1604 5102 den
1652 5047 1743 5103 istun·

430 5111 574 5166 laudatur.
1083 5154 1085 5166 .
1098 5116 1612 5189 genBeda'srepresentirtvorliegem
1621 5119 1744 5176 schlicht
