4117 5842
424 568 463 621 73
468 568 485 620 5
661 552 812 605 sol-850.
826 547 962 602 Historia.
976 546 1117 615 Georgius
1131 545 1289 616 syncellus,
1303 544 1502 616 Theophanes,
1675 564 1745 618 735

422 740 525 796 nostro
547 735 591 794 ita
608 733 848 794 Anastasius
863 734 1065 794 Bibliotheca·
1093 751 1168 808 puer
1183 731 1372 792 matrimonio
1390 733 1517 804 junctus
1534 735 1582 790 est
1597 751 1615 790 a
1630 751 1739 808 paren·

422 827 487 886 rius
503 826 535 885 in
551 825 644 901 praei.
660 842 731 883 suae
745 823 781 882 H.
791 823 825 882 li.
837 823 957 882 scribit:
974 823 1065 882 Geor·
1094 823 1184 891 tibus,
1202 821 1253 880 sed
1269 820 1359 880 velin
1369 819 1636 880 matrimoniorum
1645 839 1747 882 uxore

423 916 492 994 gius
510 916 623 984 ,electa
637 912 800 972 monastica
814 912 878 973 vita
892 911 1065 988 mundoque
1092 910 1297 988 virginitatem
1328 910 1467 968 servant.
1512 911 1585 969 Post
1619 910 1742 987 aliquot

422 1005 601 1081 contempto,
617 1002 728 1061 Christi
744 1019 777 1061 se
789 1002 848 1060 levi
854 1002 931 1078 jugo
939 1006 970 1059 et
979 1002 1065 1060 suavi
1094 1018 1187 1060 annos
1209 1003 1272 1058 tam
1294 999 1360 1075 ipse
1383 1017 1474 1073 quam
1496 999 1562 1075 ejus
1584 1017 1661 1059 uxor
1675 999 1739 1059 Deo

423 1094 553 1153 sarcinae
575 1091 764 1168 mancipavit.
795 1091 949 1150 Praeterea
964 1095 1067 1150 contra
1094 1109 1125 1150 sc
1141 1090 1362 1159 consecrarunt,
1379 1089 1503 1164 ipseque
1516 1087 1624 1162 opibus
1641 1087 1739 1149 abnn-

422 1182 584 1243 haereticos
609 1180 771 1240 incessanti
796 1197 890 1256 agone
914 1179 1064 1238 desudans
1093 1179 1166 1238 dans
1191 1177 1325 1238 condidit
1353 1177 1568 1237 monasterium
1594 1178 1739 1255 Magnum

422 1273 527 1332 multis
543 1270 727 1340 verberibus,
751 1269 857 1329 mnndi
877 1269 1064 1344 principibus
1092 1270 1208 1346 Agrum
1229 1267 1262 1327 in
1279 1266 1417 1344 Sigriane
1432 1285 1525 1343 prope
1542 1265 1678 1343 Cyzicum
1695 1269 1742 1326 ei·

423 1364 527 1421 contra
551 1360 698 1419 Ecclesiae
728 1359 821 1418 ritum
853 1358 1063 1428 saevientibus,
1092 1375 1150 1433 que
1174 1356 1314 1434 praefuit.
1349 1355 1532 1416 confessoris
1557 1360 1660 1416 sutem
1685 1375 1741 1416 no·

423 1451 610 1525 diversisque
633 1448 738 1526 poenis
767 1447 900 1506 adiectus
923 1450 977 1507 est.
1017 1447 1065 1506 Sic
1092 1447 1172 1507 mine
1187 1446 1360 1524 insignitur,
1377 1446 1519 1522 quoniam
1537 1449 1660 1522 propter
1673 1446 1743 1505 cul·

422 1558 493 1616 ergo
509 1539 649 1617 stigmata
671 1538 704 1596 in
726 1555 847 1613 corpore
870 1555 924 1595 suo
942 1539 1064 1612 portans
1092 1540 1159 1595 tum
1176 1553 1216 1595 ss.
1232 1535 1396 1613 imaginum
1413 1535 1534 1594 ebenus
1551 1535 1740 1595 vindicatum

422 1632 484 1687 tam
509 1647 563 1705 pro
591 1627 662 1687 fidei
687 1645 758 1686 suae
782 1626 950 1686 constantia
974 1644 1065 1701 quam
1093 1624 1230 1685 absone
1254 1625 1383 1684 Arinem
1412 1625 1445 1684 in
1467 1624 1568 1683 dirum
1590 1642 1741 1684 carcermu

422 1736 476 1794 pro
498 1717 663 1776 multarum
686 1717 836 1775 virtutum
855 1714 1025 1792 insignibus
1042 1734 1064 1774 s.
1092 1718 1140 1773 est
1155 1716 1307 1790 conjectus
1330 1717 1361 1772 et
1382 1717 1452 1790 post
1466 1713 1623 1773 biennium
1638 1714 1673 1774 in
1687 1732 1739 1772 ex-

422 1826 461 1868 m.
487 1807 600 1866 Tarasii
623 1805 722 1883 regiae
744 1805 891 1881 praesulis
913 1803 1064 1881 syncellus
1093 1804 1195 1864 silium
1219 1803 1331 1863 missus
1356 1802 1388 1861 in
1414 1802 1654 1876 Samothraciam,
1683 1802 1739 1862 ubi

422 1897 545 1956 effeetus
561 1899 615 1954 est.
647 1895 703 1954 Sed
726 1912 763 1953 na
779 1893 875 1952 multa
890 1911 1063 1970 prosequar,
1096 1903 1144 1956 12.
1160 1893 1245 1952 Mart.
1264 1901 1325 1957 817
1343 1887 1405 1974 (vel
1419 1892 1526 1951 saltem
1540 1896 1609 1950 ante
1624 1911 1643 1950 a
1659 1889 1740 1973 820)

423 1985 558 2045 sulficere
574 1984 702 2044 arbitror
724 1984 761 2043 ad
782 1983 972 2059 praeconium
989 1983 1063 2057 ejus,
1091 1982 1171 2041 diem
1181 1982 1256 2041 obiit
1266 1979 1481 2063 supremuml).
1501 1981 1572 2040 Tam
1588 2001 1606 2039 a
1621 1981 1736 2058 graecis

423 2075 503 2150 quod
518 2095 536 2132 a
551 2074 620 2133 sede
636 2073 818 2149 approbatus
839 2072 880 2130 sit
894 2072 1063 2147 apostolica,
1092 2091 1181 2146 qnam
1207 2090 1224 2129 a
1249 2071 1352 2130 latinis
1378 2071 1457 2130 inter
1482 2073 1601 2128 sanctos
1626 2071 1741 2129 colitur

422 2164 541 2240 qnando
557 2162 618 2223 scil.
635 2161 738 2221 vicarii
759 2162 823 2237 ejus
839 2180 900 2220 una
914 2178 982 2220 cum
1000 2170 1062 2224 350
1097 2169 1144 2224 12.
1160 2160 1269 2219 Martii.
1300 2161 1418 2237 Rogstu
1439 2161 1558 2218 tantum
1578 2161 1736 2218 morientis

422 2253 558 2328 patribus
580 2251 612 2309 in
635 2251 744 2310 Nicaea
759 2251 833 2311 urbe
849 2249 978 2309 secando
994 2268 1063 2309 con·
1093 2250 1211 2327 Georgii
1247 2249 1376 2326 syncelli
1417 2249 1606 2308 continuavit
1644 2249 1736 2325 hujus

421 2342 575 2402 venientes
595 2340 795 2399 universalem
817 2339 965 2417 synodum
987 2340 1064 2398 eele-
1092 2357 1176 2415 opus,
1185 2339 1291 2398 ethaeo
1300 2338 1484 2398 continuatio
1493 2337 1609 2398 duabus
1619 2341 1739 2398 constat

422 2431 564 2490 brarunt:
588 2429 735 2506 siqnidem
758 2431 788 2487 et
803 2430 869 2488 laus
885 2429 950 2505 ejus
966 2429 999 2486 in
1014 2446 1063 2488 eo·
1091 2428 1236 2504 pertibus,
1260 2446 1389 2504 quarum
1405 2445 1447 2497 ea,
1472 2447 1547 2503 quae
1563 2427 1665 2503 potior
1682 2431 1737 2496 est,

423 2520 489 2578 dem
505 2519 561 2578 Vll
576 2521 606 2578 et
621 2521 724 2577 sancto
740 2518 865 2578 concilio
880 2517 1063 2594 reperitur.‘
1088 2517 1190 2593 judice
1204 2516 1463 2594 Papebrochii
1479 2516 1512 2575 in
1522 2517 1592 2576 dise.
1602 2516 1641 2574 de
1651 2516 1739 2576 chro-

1092 2625 1175 2684 nogr.
1192 2625 1215 2665 s.
1225 2606 1410 2682 Theophanis
1427 2623 1449 2668 c.
1470 2617 1481 2668 l
1503 2624 1532 2665 n.
1550 2616 1578 2676 4,
1596 2624 1667 2666 vere
1683 2624 1739 2665 au-

470 2708 541 2760 400.
567 2697 686 2774 Georgii
716 2695 846 2773 Syncelli
877 2693 907 2773 (†
932 2717 959 2772 p.
987 2690 1064 2776 810)
1091 2713 1141 2754 rea
1156 2696 1297 2771 omnique
1312 2695 1481 2771 acceptione
1495 2695 1675 2771 dignissima
1690 2695 1740 2753 hi·

422 2787 582 2846 chronicon
597 2787 635 2845 ab
649 2794 861 2850 a.285-813
878 2784 1066 2844 continuavit
1092 2785 1214 2844 storiam
1236 2784 1355 2844 exhibet
1380 2803 1433 2862 per
1455 2802 1548 2843 annos
1570 2783 1736 2861 digestam:

423 2895 445 2936 a.
471 2875 722 2953 Theophanes
736 2874 759 2952 ¹)
785 2874 952 2945 Confessor,
980 2874 1064 2932 isau-
1091 2872 1187 2932 altera
1207 2874 1256 2932 vix
1278 2873 1419 2950 plumbea
1442 2873 1500 2932 dici
1515 2877 1650 2933 meretur
1666 2891 1738 2934 con·

421 2983 484 3036 rus,
502 2966 538 3024 de
553 2984 612 3041 quo
628 2964 868 3023 Anastasius
883 2964 903 3022 l.
915 2981 939 3021 c.
955 2963 997 3021 ita
1012 2963 1063 3020 ha·
1092 2963 1233 3038 sistitque
1248 2963 1280 3021 in
1296 2962 1408 3022 tabulis
1424 2963 1650 3040 chronologicis,
1668 2963 1736 3038 qui·

421 3055 488 3114 bet:
514 3055 626 3123 ,Porro
648 3053 686 3112 de
708 3054 801 3113 altero
824 3047 900 3134 (scil.
919 3053 954 3111 dc
970 3051 1063 3110 Theo·
1092 3053 1148 3111 bns
1171 3071 1225 3128 per
1244 3053 1358 3112 loculos
1374 3051 1479 3111 divisis
1495 3053 1623 3128 primum
1639 3069 1742 3110 annus

420 3138 533 3225 phana)
550 3143 623 3220 qnid
639 3143 756 3202 dicam?
778 3160 847 3201 cum
866 3143 897 3202 et
912 3143 977 3218 ejus
993 3159 1063 3200 oon·
1091 3141 1207 3214 mundi,
1223 3145 1289 3200 tum
1299 3141 1411 3201 Christi
1421 3141 1577 3213 incarnati,
1594 3141 1665 3201 dein
1681 3141 1739 3199 im-

422 3232 535 3308 scripta
556 3233 633 3292 vita:
657 3231 787 3308 qualiter
801 3231 941 3291 videlicet
956 3230 1063 3306 amplis
1092 3231 1237 3307 paratoria
1260 3230 1384 3300 romani,
1409 3231 1540 3306 proxime
1563 3231 1644 3308 regis
1665 3230 1735 3288 Per·

420 3321 611 3399 patrimoniis
627 3321 757 3381 venditis
773 3339 889 3380 crucem
906 3338 991 3380 suam
1013 3323 1063 3378 tu·
1091 3338 1191 3379 aarum
1206 3323 1259 3378 aut
1274 3319 1359 3380 ducis
1368 3320 1500 3379 Arabum
1515 3338 1617 3378 rerum
1632 3319 1665 3378 in
1681 3320 1736 3377 Pa·

420 3412 498 3482 lerit,
522 3411 686 3486 qualiterve
703 3412 824 3469 secutus
840 3409 988 3468 Christum
1011 3410 1063 3467 ab·
1091 3410 1218 3468 laestina
1226 3409 1417 3486 potientium,
1434 3409 1563 3486 denique
1579 3427 1615 3468 ex
1631 3408 1741 3468 ordine

420 3500 499 3560 batis
509 3500 540 3558 in
550 3499 728 3558 monasterio
738 3499 812 3575 Agri
824 3499 946 3557 functus
957 3497 1062 3568 officio,
1091 3497 1224 3575 quinque
1251 3499 1485 3575 patriarcharum
1510 3499 1582 3558 ordo
1607 3501 1639 3556 et
1663 3499 1738 3557 anni

419 3589 586 3649 virtutibus
601 3588 730 3659 fulserit,
753 3588 905 3648 miraculis
928 3606 1062 3647 corusca·
1090 3588 1291 3652 continentur.
1322 3588 1383 3647 Has
1406 3587 1486 3646 enim
1509 3587 1631 3646 tabulae
1650 3607 1737 3647 men·

420 3677 498 3738 verit
513 3679 544 3736 et
558 3677 708 3737 consessor
723 3678 838 3749 obierit,
856 3677 930 3736 satis
946 3679 1061 3753 aperte-
1090 3677 1244 3736 durissima
1269 3681 1342 3736 sunt
1367 3677 1559 3753 conscriptae,
1591 3677 1735 3752 plurimis

421 3786 479 3843 qne
493 3786 547 3843 per
560 3767 738 3844 Byzantium
756 3770 787 3826 et
801 3767 911 3825 circum
927 3783 1062 3843 quasque

419 3857 556 3934 regiones
565 3857 620 3927 his,
638 3855 691 3932 qui
700 3874 793 3932 prope
802 3860 834 3915 et
844 3856 891 3914 his
902 3855 955 3931 qni
972 3856 1061 3932 longe
1129 3905 1146 3972 ¹)
1160 3899 1201 3958 cf·
1228 3902 1289 3971 ejus
1311 3900 1380 3966 vita,
1400 3899 1469 3956 olim
1494 3918 1515 3954 Β,
1536 3897 1736 3953 Theodoro

419 3949 500 4019 mir
526 3946 641 4009 ⁰l³m⁰i2
672 3946 729 4006 sed
752 3949 783 4004 ei
807 3944 911 4046 Findi*
934 3945 999 4020 ⁰j¹¹⁸
1023 3945 1062 4004 ⁸d
1089 3972 1220 4028 Studitee
1234 3971 1352 4036 tributa,
1371 3973 1564 4043 cnjuatemen
1577 3973 1738 4024 auctorest

419 4054 474 4095 nos
498 4053 596 4108 usque
620 4035 735 4111 perlata
764 4051 832 4109 quis
856 4035 903 4094 vel
929 4037 1060 4109 quantus
1088 4039 1737 4114 NicephorusSkeuophylax,ed.aGoar

418 4125 476 4184 iste
492 4126 538 4184 vir
552 4124 653 4195 fuerit,
670 4123 823 4183 sollertius
839 4123 1059 4185 manifestant‘
1088 4115 1119 4170 1¹1
1133 4131 1184 4170 ⁸11³
1197 4115 1250 4180 ed..
1264 4115 1295 4170 in
1309 4114 1432 4186 Migne
1445 4115 1476 4168 P·
1490 4116 1523 4168 G·
1534 4112 1632 4176 OVIH.
1644 4116 1735 4176 1745:

419 4213 652 4290 Cognominatus
667 4231 786 4289 quoqne
804 4215 851 4272 est
867 4213 1058 4285 isaacius,
1087 4186 1261 4329 ὲῑὲἑέεξθρθ
1270 4205 1288 4314 ¹2
1291 4187 1480 4320 5213ssss
1489 4188 1526 4312 gir
1534 4185 1599 4310 ¹3¹3
1617 4183 1737 4322 {figi

419 4304 500 4378 l⁰⁰d
515 4321 680 4380 cognomen
694 4302 723 4362 si
737 4302 835 4361 Μὴ
849 4321 868 4361 ⁸
882 4305 975 4378 patre.
999 4301 1057 4361 Na·
1090 4330 1405 4401 1574;Potthastp.
1423 4326 1736 4394 recompensante-

418 4394 469 4452 tns
499 4396 547 4452 est
572 4392 763 4468 Theophanes
788 4411 813 4457 a.
841 4400 912 4455 748.
953 4391 1060 4450 adnue
1087 4404 1230 4462 ratarum
1255 4401 1418 4471 Schnzp.
1431 4403 1587 4462 467-471;
1609 4395 1737 4452 lirum·

1088 4474 1130 4529 bs
1139 4473 1225 4528 cher
1238 4471 1294 4527 Eia
1307 4469 1637 4542 Dithyranrhnsaufden
1648 4469 1740 4526 Chro-

1088 4543 1183 4599 nisten
1196 4543 1384 4615 Theophanes
1407 4543 1567 4617 (cniusdam
1581 4541 1738 4608 Theodori,

458 4621 477 4688 ¹)
489 4617 653 4672 Aliusesta
662 4617 881 4698 Theophane
891 4616 1059 4686 Byzantino,
1087 4615 1179 4672 nostri
1192 4617 1317 4670 auctoris
1330 4615 1446 4687 cognati
1460 4615 1633 4688 (920—949),
1653 4611 1736 4667 Man-

417 4688 470 4757 qui
482 4691 514 4742 de
526 4691 602 4744 rebus
609 4691 754 4744 Justim'fl
764 4707 832 4761 rmp.
841 4693 865 4760 (†
873 4691 935 4761 578)
945 4687 1062 4758 scripsit
1088 4688 1159 4744 chen
1174 4689 1251 4752 1897,
1271 4703 1329 4756 qua
1349 4686 1380 4740 in
1400 4686 1467 4742 diss.
1486 4687 1522 4740 de
1542 4684 1632 4740 variis
1644 4684 1736 4740 Theo·

416 4760 447 4813 ll.
460 4759 486 4813 X
498 4776 516 4812 a
529 4759 633 4813 Photio
646 4761 747 4818 lectos:
767 4762 797 4813 et
815 4777 832 4814 a
851 4778 873 4814 s.
886 4760 1059 4831 Theophane
1088 4758 1328 4830 phanisdisseritr
1340 4758 1411 4812 Eine
1424 4757 1574 4816 neueVita
1587 4755 1736 4812 desTheo-

417 4829 568 4902 (inepto,
588 4831 623 4885 de
643 4849 700 4901 quo
720 4848 754 4884 su
775 4847 807 4884 ra
826 4831 937 4902 egimus
956 4852 984 4902 p.
997 4836 1059 4890 726.
1086 4828 1736 4902 phanestlonf.,h1dnchen1897qditanngsber.

417 4901 459 4957 Of.
473 4903 613 4958 Goaria
623 4902 729 4957 notitia
737 4850 775 4957 ai
785 4902 968 4974 Theophanis
980 4904 1059 4958 chro·
1086 4899 1637 4974 derbayer.Alsademiephilos.·philolo
1655 4899 1734 4981 ¹aad

417 4974 608 5045 nographiam
627 4974 658 5029 in
677 4975 721 5029 ed.
742 4973 818 5028 inira
830 4973 879 5028 cit
891 4993 919 5044 p.
934 4981 994 5040 543,
1007 4975 1059 5044 qui
1086 4972 1152 5030 hiat.
1165 4972 1210 5028 Kl.
1227 4976 1294 5032 1897
1314 4991 1342 5046 p.
1355 4975 1498 5046 371-99).
1518 4989 1604 5042 quam
1616 4987 1652 5026 ex
1674 4971 1737 5026 rhet

416 5045 514 5114 plnres
544 5045 696 5117 scriptores
726 5045 786 5100 sira
816 5047 929 5100 sanctos
951 5045 1059 5102 Theo·
1086 5043 1736 5116 utepitomcnvitaeplcniorisaMethodio

417 5114 556 5185 phanis
568 5115 685 5171 nomina
697 5116 853 5188 insignitos
865 5119 1000 5172 recenset.
1085 5116 1251 5186 patriarcha
1264 5121 1337 5190 (847)
1347 5116 1543 5172 warinnatae.
