4117 5842
906 1819 992 1918 vl.

523 1986 802 2137 Scriptores
835 1999 1161 2112 ecclesiastici
1187 2003 1345 2114 secoli
1370 2003 1422 2115 V.

655 2190 766 2293 Pars
798 2196 931 2316 prior
951 2197 1247 2316 (ror-431).

915 2449 1022 2459 ...-

342 2602 418 2656 127.
434 2593 525 2650 Aetas
548 2609 637 2651 aurea
658 2591 824 2670 theologiae
840 2593 939 2652 catho-
968 2613 1136 2672 magnaque
1152 2594 1233 2671 apud
1242 2595 1425 2672 Eutychium
1436 2595 1609 2672 episcopum

292 2684 379 2752 lieae,
405 2700 483 2758 quae
505 2699 574 2740 cum
595 2698 675 2740 cone.
694 2680 817 2742 nicaeno
833 2681 939 2758 eoepit,
968 2683 1290 2760 eleutheropolitanam
1312 2683 1409 2743 valuit
1424 2685 1609 2750 auctoritate.

293 2771 421 2831 duravit
442 2773 474 2829 et
495 2789 551 2846 per
568 2769 623 2829 hoc
639 2770 782 2829 seculum.
812 2770 884 2830 llam
907 2773 941 2831 in
968 2771 1053 2830 Vitas
1068 2772 1224 2832 sanctitate
1247 2776 1278 2832 et
1300 2773 1451 2834 doctrinas
1469 2773 1546 2833 fama
1566 2774 1610 2834 ita

293 2861 372 2921 duas
380 2860 547 2936 partiemur
560 2858 709 2934 periodos,
725 2878 854 2935 quarum
861 2859 942 2936 prior
967 2860 1118 2931 inclaruit,
1135 2863 1170 2920 ut
1185 2861 1218 2920 in
1233 2861 1405 2938 episcopum
1421 2861 1609 2922 constantiae

293 2951 332 3010 ad
348 2948 510 3008 concilium
526 2967 622 3024 usqne
637 2948 812 3024 ephesinum
827 2948 940 3024 pertin·
970 2968 1024 3008 ssu
1040 2948 1213 3022 Salaminos,
1240 2969 1315 3024 ques
1340 2951 1373 3009 in
1398 2951 1487 3028 Cypri
1509 2951 1610 3010 insula
1695 2943 1696 2946 '

293 3040 352 3116 git,
376 3037 465 3112 cujus
488 3037 576 3112 lapsu
593 3037 721 3114 agitatae
736 3039 808 3096 sunt
823 3040 940 3096 contro·
968 3038 1141 3116 metropolis
1164 3041 1236 3110 erat,
1256 3059 1281 3098 a.
1299 3048 1359 3104 367
1378 3039 1470 3098 fuerit
1485 3040 1609 3100 alectus.

292 3127 414 3188 versiae
422 3125 600 3201 pracsertim
615 3125 653 3184 ds
668 3126 767 3204 gratia
781 3129 812 3186 et
821 3128 941 3203 peccato
968 3125 1182 3204 Episcopatum
1207 3147 1289 3198 ,uon
1314 3129 1413 3188 solum
1437 3127 1515 3188 vitae
1539 3145 1609 3187 eon-

294 3215 455 3294 originali3
486 3215 580 3273 altera
610 3215 823 3292 complectetur
848 3214 941 3274 seculi
968 3216 1097 3278 versatio
1114 3216 1151 3276 ob
1167 3217 1298 3277 virtutes
1308 3217 1440 3276 reddidit
1450 3217 1609 3290 illustrem,

293 3307 389 3382 hujus
399 3304 561 3379 reliquum,
578 3322 638 3379 quo
652 3304 699 3364 tat
711 3305 846 3363 haereses
857 3323 955 3395 exer-p
970 3324 1073 3364 rsrurn
1089 3307 1120 3364 st
1134 3306 1285 3378 miracula,
1303 3325 1378 3382 quae
1394 3307 1484 3378 Deus,
1499 3307 1610 3366 honore

292 3400 343 3454 tae
361 3396 436 3452 sunt
451 3392 684 3470 christologicaa.
714 3393 841 3452 Initium
856 3393 940 3454 duci·
967 3393 1180 3454 illnmsffiaere
1190 3395 1303 3468 volsus,
1320 3396 1386 3472 ipso
1397 3395 1493 3457 adhuc
1507 3414 1610 3472 super·

294 3502 368 3544 mus
388 3503 409 3542 a
426 3485 557 3558 quatuor
571 3482 697 3541 summis
711 3482 849 3558 patribus
865 3500 940 3558 qua·
969 3483 1040 3542 stite
1056 3485 1086 3542 et
1101 3486 1171 3561 post
1185 3485 1302 3544 obitum
1319 3485 1393 3561 ejus,
1420 3484 1516 3544 edidit
1532 3483 1611 3564 (So-

293 3592 365 3633 rum
389 3572 450 3630 duo
467 3571 628 3643 Orientem,
649 3570 702 3630 alii
724 3570 785 3630 dno
807 3571 941 3630 illustra·
969 3591 1152 3632 zomsnus
1174 3572 1444 3652 H.a.v11,2r).‘
1475 3571 1511 3632 In
1527 3577 1612 3634 mum

293 3665 370 3721 runt
386 3659 587 3721 Occidentem.
602 3693 647 3702 —
661 3653 730 3736 Ipsa
752 3661 875 3720 ineunte
894 3678 940 3718 se·
969 3660 1116 3738 dignitate
1140 3663 1339 3722 monasticum
1369 3662 1463 3722 coluit
1487 3662 1611 3722 institu-

294 3752 365 3810 eulo
381 3743 477 3831 (403)
499 3747 575 3808 obiit
595 3749 783 3808 venerandus
806 3767 894 3808 senex
918 3767 940 3808 s.
968 3751 1043 3820 tum,
1074 3751 1172 3810 mults
1201 3751 1369 3811 aedificarit
1397 3771 1451 3828 per
1480 3752 1612 3819 insulam

293 3839 546 3916 Epiphanius
578 3855 602 3895 c.
628 3847 691 3903 315
717 3837 941 3913 Eleutheropoli
953 3858 956 3924 g
969 3839 1117 3910 coenobia,
1133 3841 1312 3900 monasteria
1325 3841 1510 3900 Palaestinae
1526 3859 1612 3918 saepe

293 3929 329 3989 in
348 3927 466 3988 Judaea
486 3928 586 3988 natus.
616 3929 643 3985 A
663 3926 826 4002 juventute
851 3926 942 3987 sacris
954 3934 956 4006 ζ
969 3928 1073 3987 invisit
1089 3931 1119 3988 st
1134 3929 1305 4006 frequentes
1323 3929 1359 3990 ad
1370 3930 1526 3989 monachos
1542 3930 1611 3989 lite-

294 4015 441 4077 incubuit
450 4015 547 4074 literis
556 4015 804 4093 addiscendisqus
819 4014 1020 4093 linguis,'ras
1051 4017 1141 4082 dedit.
1180 4019 1252 4078 Cum
1285 4019 1431 4096 singulari
1461 4018 1613 4078 frueretur

296 4125 429 4182 quarum
467 4123 618 4181 graecam,
664 4123 779 4180 syram,
817 4105 1050 4182 hebrae-‚apud
1060 4107 1181 4184 cyprios
1197 4109 1383 4180 auctoritate,
1407 4108 1520 4168 facturn
1535 4107 1613 4169 forts

295 4215 362 4265 am,
404 4193 608 4271 aegyptiacam
639 4190 809 4275 (captiuam)
840 4197 871 4252 et
908 4202 957 4269 exi
971 4196 1026 4267 s'st,
1043 4199 1078 4256 ut
1086 4193 1195 4256 Valens
1211 4196 1283 4274 imp.
1298 4199 1416 4257 arianae
1431 4197 1547 4256 haeresi
1561 4216 1613 4273 pe·

292 4287 384 4360 parta
407 4283 499 4341 etism
522 4282 647 4342 latinam
670 4283 808 4342 calluisse
823 4283 1054 4373 diocesaneus
1085 4284 1232 4357 addictus,
1266 4287 1320 4362 qni
1351 4288 1398 4345 tot
1427 4286 1612 4346 venerandos

295 4377 323 4432 A
347 4391 370 4431 a.
399 4371 554 4430 Hilarione
576 4372 720 4432 monacha
742 4373 774 4432 in
797 4373 943 4431 sanctiore
970 4373 1124 4448 praesules
1140 4374 1260 4434 sedibus
1276 4375 1339 4435 suis
1353 4374 1524 4451 pepsllerat,
1540 4373 1612 4450 Epi-

294 4462 361 4520 vita
386 4461 549 4519 institutus
573 4461 745 4538 Aegyptum
769 4461 846 4521 adiit
867 4460 942 4520 cele·
971 4462 1115 4537 phanium
1139 4467 1262 4541 tangere
1284 4482 1344 4523 non
1366 4462 1498 4522 auderet.
1528 4461 1613 4521 Fidei

296 4549 475 4625 tristesque
483 4549 589 4608 inrisit
597 4551 746 4610 eremitas.
762 4550 943 4610 Adolescens
971 4551 1033 4610 zela
1050 4552 1156 4612 ardens
1180 4553 1275 4612 varias
1297 4569 1451 4630 aggressus
1475 4553 1521 4609 est
1543 4551 1613 4609 hae-

297 4656 323 4696 c.
341 4647 383 4702 20
407 4622 554 4698 sundram
570 4637 824 4717 Eleutheropolim
842 4639 943 4711 rediit,
972 4658 1051 4699 reses
1079 4659 1113 4700 ea
1137 4643 1232 4700 aetate
1256 4641 1451 4718 pullulantes,
1477 4643 1508 4699 st
1533 4639 1613 4716 pacis

297 4732 331 4786 et
342 4729 432 4803 juxta
441 4726 644 4787 Besanducem
659 4730 725 4805 ejus
740 4729 884 4788 territorii
899 4729 944 4788 vi-
973 4729 1073 4788 studio
1090 4729 1127 4788 sd
1143 4729 1359 4806 componendae
1375 4729 1407 4788 in
1423 4727 1547 4788 ecclesia
1561 4747 1613 4787 an-

298 4835 369 4875 cum
387 4816 605 4875 monasterium
629 4817 773 4892 condidit,
795 4817 876 4894 quod
898 4818 944 4875 in·
957 4874 959 4897 ‚
972 4817 1110 4877 tiochena
1131 4819 1237 4876 turbas
1260 4818 1297 4876 ob
1320 4818 1480 4877 Paulinum
1502 4820 1533 4877 et
1546 4817 1613 4876 Fla·

299 4906 389 4964 terim
404 4905 563 4983 presbyter
578 4906 732 4965 ordinatus
750 4917 790 4970 30
817 4927 843 4966 a.
859 4907 945 4965 rexit.
972 4907 1093 4965 sianum
1113 4906 1149 4965 de
1172 4907 1345 4983 episcopatu
1368 4906 1448 4965 inter
1472 4925 1503 4965 se
1525 4907 1613 4965 dissi·

299 4993 464 5072 Episcopas
473 4994 513 5053 ab
523 4994 702 5055 Asianorum
711 4995 817 5054 turbas
827 4995 944 5055 exsules
973 4995 1076 5054 dentes
1101 4995 1222 5055 Romam
1254 4995 1291 5054 ad
1316 4995 1464 5072 synodum
1488 5015 1514 5054 a.
1541 5003 1613 5067 382,

302 5101 419 5143 summa
449 5087 627 5160 prosecutus
663 5087 710 5144 est
746 5085 943 5157 veneratione,
972 5084 1161 5163 grandaevus
1188 5085 1268 5157 licet,
1299 5085 1477 5162 properarit,
1516 5084 1615 5147 Nimio
