<?xml version="1.0" encoding="UTF-8"?>
<!DOCTYPE html PUBLIC "-//W3C//DTD XHTML 1.0 Transitional//EN"
    "http://www.w3.org/TR/xhtml1/DTD/xhtml1-transitional.dtd">
<html xmlns="http://www.w3.org/1999/xhtml" xml:lang="en" lang="en">
 <head>
  <title>
</title>
<meta http-equiv="Content-Type" content="text/html;charset=utf-8" />
  <meta name='ocr-system' content='tesseract 3.04.00' />
  <meta name='ocr-capabilities' content='ocr_page ocr_carea ocr_par ocr_line ocrx_word'/>
</head>
<body>
  <div class='ocr_page' id='page_1' title='image "./nomenclatorlite02hurtgoog_0009.png"; bbox 0 0 4117 5842; ppageno 0'>
   <div class='ocr_carea' id='block_1_1' title="bbox 391 1396 1615 1895">
    <p class='ocr_par' dir='ltr' id='par_1_1' title="bbox 391 1396 1615 1895">
     <span class='ocr_line' id='line_1_1' title="bbox 611 1396 1298 1557; baseline 0.003 -4"><span class='ocrx_word' id='word_1_1' title='bbox 611 1399 985 1556; x_wconf 80' lang='lat' dir='ltr'>rsososrlrro</span> <span class='ocrx_word' id='word_1_2' title='bbox 1020 1396 1298 1557; x_wconf 74' lang='lat' dir='ltr'>lucrosis,</span> 
     </span>
     <span class='ocr_line' id='line_1_2' title="bbox 391 1801 1615 1895; baseline 0.002 -20"><span class='ocrx_word' id='word_1_3' title='bbox 391 1816 978 1895; x_wconf 68' lang='lat' dir='ltr'>oumss.o.crcanusrapaw11.oi0</span> <span class='ocrx_word' id='word_1_4' title='bbox 998 1828 1047 1883; x_wconf 85' lang='lat'>13.</span> <span class='ocrx_word' id='word_1_5' title='bbox 1057 1818 1156 1877; x_wconf 63' lang='lat' dir='ltr'>mtto</span> <span class='ocrx_word' id='word_1_6' title='bbox 1171 1838 1197 1878; x_wconf 63' lang='lat' dir='ltr'>a</span> <span class='ocrx_word' id='word_1_7' title='bbox 1217 1828 1300 1882; x_wconf 77' lang='lat'><strong>1625</strong></span> <span class='ocrx_word' id='word_1_8' title='bbox 1318 1801 1472 1878; x_wconf 57' lang='lat' dir='ltr'>secretum</span> <span class='ocrx_word' id='word_1_9' title='bbox 1487 1818 1615 1879; x_wconf 70' lang='lat' dir='ltr'>edicere</span> 
     </span>
    </p>
   </div>
   <div class='ocr_carea' id='block_1_2' title="bbox 296 1922 1614 2112">
    <p class='ocr_par' dir='ltr' id='par_1_2' title="bbox 296 1922 1614 2112">
     <span class='ocr_line' id='line_1_3' title="bbox 298 1922 1614 2002; baseline 0.003 -21"><span class='ocrx_word' id='word_1_10' title='bbox 298 1922 438 2000; x_wconf 82' lang='lat' dir='ltr'>idemque</span> <span class='ocrx_word' id='word_1_11' title='bbox 454 1924 636 1984; x_wconf 85' lang='lat' dir='ltr'>confirmarit</span> <span class='ocrx_word' id='word_1_12' title='bbox 652 1924 681 1986; x_wconf 92' lang='lat' dir='ltr'>d.</span> <span class='ocrx_word' id='word_1_13' title='bbox 700 1936 726 1988; x_wconf 93' lang='lat'>5.</span> <span class='ocrx_word' id='word_1_14' title='bbox 742 1924 805 1985; x_wconf 87' lang='lat' dir='ltr'>Jnl.</span> <span class='ocrx_word' id='word_1_15' title='bbox 821 1945 847 1989; x_wconf 89' lang='lat' dir='ltr'>a.</span> <span class='ocrx_word' id='word_1_16' title='bbox 867 1934 961 1997; x_wconf 83' lang='lat'>1634,</span> <span class='ocrx_word' id='word_1_17' title='bbox 985 1944 1046 2001; x_wconf 88' lang='lat' dir='ltr'>quo</span> <span class='ocrx_word' id='word_1_18' title='bbox 1069 1924 1206 1986; x_wconf 85' lang='lat' dir='ltr'><strong>inhibuit</strong></span> <span class='ocrx_word' id='word_1_19' title='bbox 1229 1926 1384 2002; x_wconf 86' lang='lat' dir='ltr'>,imprimi</span> <span class='ocrx_word' id='word_1_20' title='bbox 1409 1926 1504 1985; x_wconf 87' lang='lat' dir='ltr'>libros</span> <span class='ocrx_word' id='word_1_21' title='bbox 1519 1926 1614 1985; x_wconf 90' lang='lat' dir='ltr'>homi-</span> 
     </span>
     <span class='ocr_line' id='line_1_4' title="bbox 296 2032 1614 2112; baseline 0.002 -21"><span class='ocrx_word' id='word_1_22' title='bbox 296 2036 381 2103; x_wconf 88' lang='lat' dir='ltr'>num,</span> <span class='ocrx_word' id='word_1_23' title='bbox 399 2034 452 2108; x_wconf 91' lang='lat' dir='ltr'>qni</span> <span class='ocrx_word' id='word_1_24' title='bbox 469 2034 637 2093; x_wconf 86' lang='lat' dir='ltr'>sanctitatis</span> <span class='ocrx_word' id='word_1_25' title='bbox 652 2051 706 2093; x_wconf 90' lang='lat' dir='ltr'>seu</span> <span class='ocrx_word' id='word_1_26' title='bbox 721 2032 859 2110; x_wconf 83' lang='lat' dir='ltr'>martyrii</span> <span class='ocrx_word' id='word_1_27' title='bbox 869 2032 946 2093; x_wconf 82' lang='lat' dir='ltr'>fama</span> <span class='ocrx_word' id='word_1_28' title='bbox 956 2032 1087 2092; x_wconf 79' lang='lat' dir='ltr'>celebres</span> <span class='ocrx_word' id='word_1_29' title='bbox 1097 2052 1113 2092; x_wconf 91' lang='lat' dir='ltr'>e</span> <span class='ocrx_word' id='word_1_30' title='bbox 1122 2033 1187 2093; x_wconf 80' lang='lat' dir='ltr'>vita</span> <span class='ocrx_word' id='word_1_31' title='bbox 1195 2034 1409 2112; x_wconf 82' lang='lat' dir='ltr'>migraverunt,</span> <span class='ocrx_word' id='word_1_32' title='bbox 1419 2037 1513 2112; x_wconf 83' lang='lat' dir='ltr'>gesta,</span> <span class='ocrx_word' id='word_1_33' title='bbox 1522 2034 1614 2094; x_wconf 87' lang='lat' dir='ltr'>mira·</span> 
     </span>
    </p>
   </div>
   <div class='ocr_carea' id='block_1_3' title="bbox 172 2139 1614 2218">
    <p class='ocr_par' dir='ltr' id='par_1_3' title="bbox 172 2139 1614 2218">
     <span class='ocr_line' id='line_1_5' title="bbox 172 2139 1614 2218; baseline 0.002 -20"><span class='ocrx_word' id='word_1_34' title='bbox 172 2162 181 2185; x_wconf 66' lang='grc' dir='ltr'>ν</span> <span class='ocrx_word' id='word_1_35' title='bbox 298 2141 366 2199; x_wconf 87' lang='lat' dir='ltr'>cula</span> <span class='ocrx_word' id='word_1_36' title='bbox 380 2140 429 2199; x_wconf 82' lang='lat' dir='ltr'>vel</span> <span class='ocrx_word' id='word_1_37' title='bbox 444 2140 639 2200; x_wconf 79' lang='lat' dir='ltr'>revelationes</span> <span class='ocrx_word' id='word_1_38' title='bbox 655 2158 709 2199; x_wconf 87' lang='lat' dir='ltr'>seu</span> <span class='ocrx_word' id='word_1_39' title='bbox 725 2158 920 2217; x_wconf 86' lang='lat' dir='ltr'>quaecunque</span> <span class='ocrx_word' id='word_1_40' title='bbox 942 2139 1086 2200; x_wconf 85' lang='lat' dir='ltr'>beneficia</span> <span class='ocrx_word' id='word_1_41' title='bbox 1101 2144 1254 2218; x_wconf 90' lang='lat' dir='ltr'>tamqnam</span> <span class='ocrx_word' id='word_1_42' title='bbox 1270 2142 1614 2201; x_wconf 81' lang='lat' dir='ltr'>eorum&#39;interceeeioni-</span> 
     </span>
    </p>
   </div>
   <div class='ocr_carea' id='block_1_4' title="bbox 297 2231 1614 2755">
    <p class='ocr_par' dir='ltr' id='par_1_4' title="bbox 297 2231 1614 2755">
     <span class='ocr_line' id='line_1_6' title="bbox 297 2231 1614 2325; baseline 0 -18"><span class='ocrx_word' id='word_1_43' title='bbox 297 2246 355 2307; x_wconf 88' lang='lat' dir='ltr'>bus</span> <span class='ocrx_word' id='word_1_44' title='bbox 378 2268 397 2307; x_wconf 88' lang='lat' dir='ltr'>a</span> <span class='ocrx_word' id='word_1_45' title='bbox 420 2248 480 2307; x_wconf 92' lang='lat' dir='ltr'>Deo</span> <span class='ocrx_word' id='word_1_46' title='bbox 502 2251 622 2325; x_wconf 86' lang='lat' dir='ltr'>accepte</span> <span class='ocrx_word' id='word_1_47' title='bbox 645 2247 831 2307; x_wconf 73' lang='lat' dir='ltr'>continentes</span> <span class='ocrx_word' id='word_1_48' title='bbox 861 2246 924 2307; x_wconf 90' lang='lat' dir='ltr'>sine</span> <span class='ocrx_word' id='word_1_49' title='bbox 946 2247 1149 2325; x_wconf 78' lang='lat' dir='ltr'>recognitione</span> <span class='ocrx_word' id='word_1_50' title='bbox 1172 2251 1262 2325; x_wconf 88' lang='lat' dir='ltr'>atque</span> <span class='ocrx_word' id='word_1_51' title='bbox 1287 2231 1502 2325; x_wconf 74' lang='lat' dir='ltr'>approbatione</span> <span class='ocrx_word' id='word_1_52' title='bbox 1528 2249 1614 2308; x_wconf 90' lang='lat' dir='ltr'>Ordi-</span> 
     </span>
     <span class='ocr_line' id='line_1_7' title="bbox 298 2354 1611 2439; baseline 0.002 -26"><span class='ocrx_word' id='word_1_53' title='bbox 298 2354 385 2426; x_wconf 90' lang='lat' dir='ltr'>narii,</span> <span class='ocrx_word' id='word_1_54' title='bbox 403 2358 435 2413; x_wconf 86' lang='lat' dir='ltr'>et</span> <span class='ocrx_word' id='word_1_55' title='bbox 449 2373 525 2430; x_wconf 88' lang='lat' dir='ltr'>quae</span> <span class='ocrx_word' id='word_1_56' title='bbox 540 2354 684 2415; x_wconf 84' lang='lat' dir='ltr'>hactenus</span> <span class='ocrx_word' id='word_1_57' title='bbox 700 2354 764 2414; x_wconf 89' lang='lat' dir='ltr'>sine</span> <span class='ocrx_word' id='word_1_58' title='bbox 780 2372 814 2415; x_wconf 89' lang='lat' dir='ltr'>ea</span> <span class='ocrx_word' id='word_1_59' title='bbox 829 2355 974 2439; x_wconf 85' lang='lat' dir='ltr'>impressa</span> <span class='ocrx_word' id='word_1_60' title='bbox 994 2359 1067 2416; x_wconf 88' lang='lat' dir='ltr'>sunt</span> <span class='ocrx_word' id='word_1_61' title='bbox 1081 2356 1167 2415; x_wconf 88' lang='lat' dir='ltr'>nullo</span> <span class='ocrx_word' id='word_1_62' title='bbox 1182 2356 1270 2416; x_wconf 90' lang='lat' dir='ltr'>modo</span> <span class='ocrx_word' id='word_1_63' title='bbox 1285 2357 1353 2415; x_wconf 83' lang='lat' dir='ltr'>vult</span> <span class='ocrx_word' id='word_1_64' title='bbox 1375 2356 1488 2416; x_wconf 86' lang='lat' dir='ltr'>censeri</span> <span class='ocrx_word' id='word_1_65' title='bbox 1504 2375 1611 2433; x_wconf 87' lang='lat' dir='ltr'>appro-</span> 
     </span>
     <span class='ocr_line' id='line_1_8' title="bbox 298 2461 1613 2539; baseline -0.001 -18"><span class='ocrx_word' id='word_1_66' title='bbox 298 2462 408 2533; x_wconf 77' lang='lat' dir='ltr'>bate‘;</span> <span class='ocrx_word' id='word_1_67' title='bbox 430 2462 510 2521; x_wconf 91' lang='lat' dir='ltr'>idem</span> <span class='ocrx_word' id='word_1_68' title='bbox 525 2464 625 2521; x_wconf 88' lang='lat' dir='ltr'>autem</span> <span class='ocrx_word' id='word_1_69' title='bbox 642 2462 854 2522; x_wconf 74' lang='lat' dir='ltr'>Sanctissimae</span> <span class='ocrx_word' id='word_1_70' title='bbox 870 2462 897 2521; x_wconf 91' lang='lat' dir='ltr'>d.</span> <span class='ocrx_word' id='word_1_71' title='bbox 915 2471 944 2525; x_wconf 84' lang='lat'>5.</span> <span class='ocrx_word' id='word_1_72' title='bbox 960 2462 1031 2521; x_wconf 86' lang='lat' dir='ltr'>Jnn.</span> <span class='ocrx_word' id='word_1_73' title='bbox 1048 2482 1074 2521; x_wconf 81' lang='lat' dir='ltr'>a</span> <span class='ocrx_word' id='word_1_74' title='bbox 1095 2472 1173 2526; x_wconf 86' lang='lat'>1631</span> <span class='ocrx_word' id='word_1_75' title='bbox 1201 2462 1245 2521; x_wconf 85' lang='lat' dir='ltr'>ita</span> <span class='ocrx_word' id='word_1_76' title='bbox 1259 2462 1446 2539; x_wconf 79' lang='lat' dir='ltr'>explicuerit,</span> <span class='ocrx_word' id='word_1_77' title='bbox 1472 2463 1509 2521; x_wconf 90' lang='lat' dir='ltr'>ut</span> <span class='ocrx_word' id='word_1_78' title='bbox 1522 2461 1613 2521; x_wconf 91' lang='lat' dir='ltr'>nimi-</span> 
     </span>
     <span class='ocr_line' id='line_1_9' title="bbox 298 2568 1611 2647; baseline -0.001 -18"><span class='ocrx_word' id='word_1_79' title='bbox 298 2590 365 2629; x_wconf 89' lang='lat' dir='ltr'>rum</span> <span class='ocrx_word' id='word_1_80' title='bbox 384 2589 466 2641; x_wconf 85' lang='lat' dir='ltr'>,non</span> <span class='ocrx_word' id='word_1_81' title='bbox 482 2569 681 2629; x_wconf 73' lang='lat' dir='ltr'>admittentur</span> <span class='ocrx_word' id='word_1_82' title='bbox 695 2569 793 2647; x_wconf 81' lang='lat' dir='ltr'>slogia</span> <span class='ocrx_word' id='word_1_83' title='bbox 809 2568 912 2629; x_wconf 83' lang='lat' dir='ltr'>Sancti</span> <span class='ocrx_word' id='word_1_84' title='bbox 926 2570 974 2629; x_wconf 83' lang='lat' dir='ltr'>vel</span> <span class='ocrx_word' id='word_1_85' title='bbox 990 2570 1076 2629; x_wconf 89' lang='lat' dir='ltr'>Beati</span> <span class='ocrx_word' id='word_1_86' title='bbox 1090 2570 1235 2641; x_wconf 86' lang='lat' dir='ltr'>absolute,</span> <span class='ocrx_word' id='word_1_87' title='bbox 1252 2572 1283 2629; x_wconf 90' lang='lat' dir='ltr'>et</span> <span class='ocrx_word' id='word_1_88' title='bbox 1298 2589 1375 2646; x_wconf 90' lang='lat' dir='ltr'>quae</span> <span class='ocrx_word' id='word_1_89' title='bbox 1391 2570 1505 2629; x_wconf 90' lang='lat' dir='ltr'>cadunt</span> <span class='ocrx_word' id='word_1_90' title='bbox 1520 2588 1611 2645; x_wconf 87' lang='lat' dir='ltr'>super</span> 
     </span>
     <span class='ocr_line' id='line_1_10' title="bbox 297 2677 1613 2755; baseline -0.001 -18"><span class='ocrx_word' id='word_1_91' title='bbox 297 2697 466 2755; x_wconf 83' lang='lat' dir='ltr'>personam,</span> <span class='ocrx_word' id='word_1_92' title='bbox 482 2679 558 2738; x_wconf 90' lang='lat' dir='ltr'>bene</span> <span class='ocrx_word' id='word_1_93' title='bbox 573 2680 673 2737; x_wconf 91' lang='lat' dir='ltr'>tamen</span> <span class='ocrx_word' id='word_1_94' title='bbox 688 2696 731 2749; x_wconf 82' lang='lat' dir='ltr'>ea,</span> <span class='ocrx_word' id='word_1_95' title='bbox 746 2696 823 2754; x_wconf 88' lang='lat' dir='ltr'>quae</span> <span class='ocrx_word' id='word_1_96' title='bbox 840 2677 951 2737; x_wconf 89' lang='lat' dir='ltr'>cadunt</span> <span class='ocrx_word' id='word_1_97' title='bbox 966 2696 1057 2754; x_wconf 89' lang='lat' dir='ltr'>snper</span> <span class='ocrx_word' id='word_1_98' title='bbox 1072 2696 1167 2737; x_wconf 88' lang='lat' dir='ltr'>mores</span> <span class='ocrx_word' id='word_1_99' title='bbox 1182 2680 1215 2737; x_wconf 91' lang='lat' dir='ltr'>et</span> <span class='ocrx_word' id='word_1_100' title='bbox 1230 2678 1401 2755; x_wconf 89' lang='lat' dir='ltr'>opinionem</span> <span class='ocrx_word' id='word_1_101' title='bbox 1419 2697 1487 2737; x_wconf 89' lang='lat' dir='ltr'>cum</span> <span class='ocrx_word' id='word_1_102' title='bbox 1497 2681 1613 2754; x_wconf 84' lang='lat' dir='ltr'>protea·</span> 
     </span>
    </p>
   </div>
   <div class='ocr_carea' id='block_1_5' title="bbox 178 2784 1613 2872">
    <p class='ocr_par' dir='ltr' id='par_1_5' title="bbox 178 2784 1613 2872">
     <span class='ocr_line' id='line_1_11' title="bbox 178 2784 1613 2872; baseline -0.001 -28"><span class='ocrx_word' id='word_1_103' title='bbox 178 2844 182 2857; x_wconf 73' lang='grc'>,</span> <span class='ocrx_word' id='word_1_104' title='bbox 298 2786 414 2845; x_wconf 85' lang='lat' dir='ltr'>tatione</span> <span class='ocrx_word' id='word_1_105' title='bbox 429 2785 461 2843; x_wconf 91' lang='lat' dir='ltr'>in</span> <span class='ocrx_word' id='word_1_106' title='bbox 477 2784 631 2861; x_wconf 81' lang='lat' dir='ltr'>principio,</span> <span class='ocrx_word' id='word_1_107' title='bbox 654 2784 735 2861; x_wconf 88' lang='lat' dir='ltr'>quod</span> <span class='ocrx_word' id='word_1_108' title='bbox 757 2784 795 2843; x_wconf 94' lang='lat' dir='ltr'>iis</span> <span class='ocrx_word' id='word_1_109' title='bbox 816 2784 902 2844; x_wconf 87' lang='lat' dir='ltr'>nulla</span> <span class='ocrx_word' id='word_1_110' title='bbox 924 2784 1004 2872; x_wconf 80' lang='lat' dir='ltr'>adsit</span> <span class='ocrx_word' id='word_1_111' title='bbox 1026 2784 1188 2845; x_wconf 87' lang='lat' dir='ltr'>auctoritas</span> <span class='ocrx_word' id='word_1_112' title='bbox 1205 2786 1241 2845; x_wconf 90' lang='lat' dir='ltr'>ab</span> <span class='ocrx_word' id='word_1_113' title='bbox 1258 2786 1390 2846; x_wconf 83' lang='lat' dir='ltr'>Ecclesia</span> <span class='ocrx_word' id='word_1_114' title='bbox 1414 2804 1544 2856; x_wconf 90' lang='lat' dir='ltr'>romana,</span> <span class='ocrx_word' id='word_1_115' title='bbox 1561 2785 1613 2845; x_wconf 86' lang='lat' dir='ltr'>aed</span> 
     </span>
    </p>
   </div>
   <div class='ocr_carea' id='block_1_6' title="bbox 297 2890 1613 3615">
    <p class='ocr_par' dir='ltr' id='par_1_6' title="bbox 297 2890 1613 3615">
     <span class='ocr_line' id='line_1_12' title="bbox 298 2890 1612 2968; baseline 0.002 -19"><span class='ocrx_word' id='word_1_116' title='bbox 298 2891 370 2951; x_wconf 87' lang='lat' dir='ltr'>tides</span> <span class='ocrx_word' id='word_1_117' title='bbox 388 2892 508 2951; x_wconf 69' lang='lat' dir='ltr'>mutum</span> <span class='ocrx_word' id='word_1_118' title='bbox 519 2892 559 2950; x_wconf 86' lang='lat' dir='ltr'>sit</span> <span class='ocrx_word' id='word_1_119' title='bbox 575 2891 655 2968; x_wconf 88' lang='lat' dir='ltr'>apud</span> <span class='ocrx_word' id='word_1_120' title='bbox 670 2894 851 2951; x_wconf 78' lang='lat' dir='ltr'>auctorem‘</span> <span class='ocrx_word' id='word_1_121' title='bbox 868 2890 947 2950; x_wconf 89' lang='lat' dir='ltr'>Huic</span> <span class='ocrx_word' id='word_1_122' title='bbox 962 2891 1080 2951; x_wconf 91' lang='lat' dir='ltr'>decreto</span> <span class='ocrx_word' id='word_1_123' title='bbox 1095 2892 1220 2968; x_wconf 89' lang='lat' dir='ltr'>ejusque</span> <span class='ocrx_word' id='word_1_124' title='bbox 1235 2892 1453 2952; x_wconf 88' lang='lat' dir='ltr'>confirmationi</span> <span class='ocrx_word' id='word_1_125' title='bbox 1468 2894 1500 2952; x_wconf 87' lang='lat' dir='ltr'>et</span> <span class='ocrx_word' id='word_1_126' title='bbox 1513 2892 1612 2953; x_wconf 92' lang='lat' dir='ltr'>decla·</span> 
     </span>
     <span class='ocr_line' id='line_1_13' title="bbox 297 2998 1613 3078; baseline 0.002 -20"><span class='ocrx_word' id='word_1_127' title='bbox 297 2999 409 3059; x_wconf 88' lang='lat' dir='ltr'>rationi</span> <span class='ocrx_word' id='word_1_128' title='bbox 423 2999 613 3059; x_wconf 85' lang='lat' dir='ltr'>observantia</span> <span class='ocrx_word' id='word_1_129' title='bbox 627 3018 661 3059; x_wconf 86' lang='lat' dir='ltr'>ac</span> <span class='ocrx_word' id='word_1_130' title='bbox 675 2998 842 3059; x_wconf 80' lang='lat' dir='ltr'>reverentia</span> <span class='ocrx_word' id='word_1_131' title='bbox 857 3016 917 3075; x_wconf 86' lang='lat' dir='ltr'>qua</span> <span class='ocrx_word' id='word_1_132' title='bbox 932 3018 986 3076; x_wconf 89' lang='lat' dir='ltr'>par</span> <span class='ocrx_word' id='word_1_133' title='bbox 1001 3001 1049 3059; x_wconf 92' lang='lat' dir='ltr'>est</span> <span class='ocrx_word' id='word_1_134' title='bbox 1058 2999 1233 3072; x_wconf 85' lang='lat' dir='ltr'>insistendo,</span> <span class='ocrx_word' id='word_1_135' title='bbox 1244 3000 1385 3078; x_wconf 83' lang='lat' dir='ltr'>profiteor</span> <span class='ocrx_word' id='word_1_136' title='bbox 1394 3019 1442 3059; x_wconf 91' lang='lat' dir='ltr'>me</span> <span class='ocrx_word' id='word_1_137' title='bbox 1458 3000 1538 3059; x_wconf 90' lang='lat' dir='ltr'>haud</span> <span class='ocrx_word' id='word_1_138' title='bbox 1553 3000 1613 3060; x_wconf 92' lang='lat' dir='ltr'>alio</span> 
     </span>
     <span class='ocr_line' id='line_1_14' title="bbox 298 3096 1611 3183; baseline 0.001 -18"><span class='ocrx_word' id='word_1_139' title='bbox 298 3096 388 3166; x_wconf 76' lang='lat' dir='ltr'>se&#39;usn</span> <span class='ocrx_word' id='word_1_140' title='bbox 405 3106 552 3183; x_wconf 90' lang='lat' dir='ltr'>quidquid</span> <span class='ocrx_word' id='word_1_141' title='bbox 568 3106 600 3165; x_wconf 94' lang='lat' dir='ltr'>in</span> <span class='ocrx_word' id='word_1_142' title='bbox 616 3107 670 3166; x_wconf 90' lang='lat' dir='ltr'>hoc</span> <span class='ocrx_word' id='word_1_143' title='bbox 685 3106 911 3165; x_wconf 85' lang='lat' dir='ltr'>Nomenclatore</span> <span class='ocrx_word' id='word_1_144' title='bbox 933 3105 1029 3166; x_wconf 80' lang='lat' dir='ltr'>refero</span> <span class='ocrx_word' id='word_1_145' title='bbox 1054 3106 1187 3182; x_wconf 88' lang='lat' dir='ltr'>accipere</span> <span class='ocrx_word' id='word_1_146' title='bbox 1209 3109 1241 3166; x_wconf 87' lang='lat' dir='ltr'>et</span> <span class='ocrx_word' id='word_1_147' title='bbox 1263 3107 1355 3183; x_wconf 84' lang='lat' dir='ltr'>accipi</span> <span class='ocrx_word' id='word_1_148' title='bbox 1377 3107 1415 3166; x_wconf 89' lang='lat' dir='ltr'>ab</span> <span class='ocrx_word' id='word_1_149' title='bbox 1437 3106 1501 3166; x_wconf 93' lang='lat' dir='ltr'>ullo</span> <span class='ocrx_word' id='word_1_150' title='bbox 1524 3108 1611 3177; x_wconf 83' lang='lat' dir='ltr'>velle,</span> 
     </span>
     <span class='ocr_line' id='line_1_15' title="bbox 297 3212 1613 3290; baseline 0 -17"><span class='ocrx_word' id='word_1_151' title='bbox 297 3232 515 3290; x_wconf 81' lang='lat' dir='ltr'>quemqueen</span> <span class='ocrx_word' id='word_1_152' title='bbox 538 3213 643 3283; x_wconf 90' lang='lat' dir='ltr'>solent,</span> <span class='ocrx_word' id='word_1_153' title='bbox 667 3232 745 3289; x_wconf 88' lang='lat' dir='ltr'>quae</span> <span class='ocrx_word' id='word_1_154' title='bbox 767 3213 897 3272; x_wconf 89' lang='lat' dir='ltr'>humana</span> <span class='ocrx_word' id='word_1_155' title='bbox 919 3212 1076 3271; x_wconf 84' lang='lat' dir='ltr'>dumtaxat</span> <span class='ocrx_word' id='word_1_156' title='bbox 1097 3213 1286 3286; x_wconf 74' lang='lat' dir='ltr'>auctoritate,</span> <span class='ocrx_word' id='word_1_157' title='bbox 1308 3232 1369 3273; x_wconf 93' lang='lat' dir='ltr'>non</span> <span class='ocrx_word' id='word_1_158' title='bbox 1389 3222 1489 3274; x_wconf 85' lang='lat' dir='ltr'>autem</span> <span class='ocrx_word' id='word_1_159' title='bbox 1512 3214 1613 3274; x_wconf 79' lang='lat' dir='ltr'>divina</span> 
     </span>
     <span class='ocr_line' id='line_1_16' title="bbox 297 3318 1611 3396; baseline 0.002 -19"><span class='ocrx_word' id='word_1_160' title='bbox 297 3320 462 3381; x_wconf 85' lang='lat' dir='ltr'>catholicae</span> <span class='ocrx_word' id='word_1_161' title='bbox 477 3336 616 3380; x_wconf 89' lang='lat' dir='ltr'>romanae</span> <span class='ocrx_word' id='word_1_162' title='bbox 631 3321 780 3381; x_wconf 81' lang='lat' dir='ltr'>Ecclesiae</span> <span class='ocrx_word' id='word_1_163' title='bbox 796 3322 850 3380; x_wconf 91' lang='lat' dir='ltr'>aut</span> <span class='ocrx_word' id='word_1_164' title='bbox 867 3338 889 3379; x_wconf 93' lang='lat' dir='ltr'>s.</span> <span class='ocrx_word' id='word_1_165' title='bbox 900 3318 984 3379; x_wconf 88' lang='lat' dir='ltr'>Sedis</span> <span class='ocrx_word' id='word_1_166' title='bbox 1002 3319 1343 3396; x_wconf 88' lang='lat' dir='ltr'>apostolicaenituntur‚</span> <span class='ocrx_word' id='word_1_167' title='bbox 1354 3320 1611 3380; x_wconf 89' lang='lat' dir='ltr'>iistantummodo</span> 
     </span>
     <span class='ocr_line' id='line_1_17' title="bbox 299 3430 1611 3508; baseline 0.001 -20"><span class='ocrx_word' id='word_1_168' title='bbox 299 3431 440 3508; x_wconf 80' lang='lat' dir='ltr'>exceptis,</span> <span class='ocrx_word' id='word_1_169' title='bbox 464 3448 539 3507; x_wconf 91' lang='lat' dir='ltr'>quos</span> <span class='ocrx_word' id='word_1_170' title='bbox 563 3430 665 3490; x_wconf 90' lang='lat' dir='ltr'>eadem</span> <span class='ocrx_word' id='word_1_171' title='bbox 687 3449 710 3495; x_wconf 90' lang='lat' dir='ltr'>s.</span> <span class='ocrx_word' id='word_1_172' title='bbox 727 3430 815 3491; x_wconf 88' lang='lat' dir='ltr'>Sedes</span> <span class='ocrx_word' id='word_1_173' title='bbox 832 3430 1018 3500; x_wconf 87' lang='lat' dir='ltr'>Sanctorum,</span> <span class='ocrx_word' id='word_1_174' title='bbox 1041 3430 1204 3489; x_wconf 90' lang='lat' dir='ltr'>Beatorum</span> <span class='ocrx_word' id='word_1_175' title='bbox 1226 3435 1279 3490; x_wconf 91' lang='lat' dir='ltr'>aut</span> <span class='ocrx_word' id='word_1_176' title='bbox 1295 3430 1460 3507; x_wconf 78' lang='lat' dir='ltr'>Martyrum</span> <span class='ocrx_word' id='word_1_177' title='bbox 1478 3431 1611 3507; x_wconf 78' lang='lat' dir='ltr'>catalogo</span> 
     </span>
     <span class='ocr_line' id='line_1_18' title="bbox 298 3536 501 3615; baseline 0.005 -19"><span class='ocrx_word' id='word_1_178' title='bbox 298 3536 501 3615; x_wconf 88' lang='lat' dir='ltr'>adscripserit.</span> 
     </span>
    </p>
   </div>
   <div class='ocr_carea' id='block_1_7' title="bbox 0 0 2064 5842">
    <p class='ocr_par' dir='ltr' id='par_1_7' title="bbox 0 0 2064 5842">
     <span class='ocr_line' id='line_1_19' title="bbox 0 0 2064 5842; baseline 0 2"><span class='ocrx_word' id='word_1_179' title='bbox 0 0 2064 5842; x_wconf 95' lang='lat' dir='ltr'> </span> 
     </span>
    </p>
   </div>
  </div>
 </body>
</html>
