4117 5842
917 1870 960 1968 Ι.

290 2052 570 2189 Scriptores
597 2050 922 2163 ecclesiastici
941 2084 1037 2163 seo.
1056 2052 1092 2161 Ι.
1117 2050 1596 2165 ooroeohristisnae.

830 2250 1062 2367 (1—100).

341 2659 366 2709 1.
383 2646 561 2706 Intentionis
577 2650 698 2707 nostres
708 2650 755 2706 cst
764 2648 932 2726 catalogum
944 2645 946 2711 !
960 2648 1071 2724 quibus
1088 2648 1169 2708 eceb
1179 2649 1370 2708 incunabulis
1385 2649 1446 2708 fuit
1460 2649 1595 2719 obnoxie,

290 2734 428 2795 exhibere
466 2737 646 2813 scriptorum
684 2736 930 2797 ecclesiasti·
958 2740 989 2795 et
1005 2740 1102 2797 stetns
1118 2738 1275 2800 liturarum
1289 2738 1321 2797 in
1336 2756 1453 2814 genere.
1478 2739 1597 2797 Primus

289 2844 428 2884 corum.
459 2825 505 2884 Ab
527 2826 574 2885 his
590 2826 697 2885 merito
713 2826 930 2904 distinguimus
958 2827 1011 2901 qui
1021 2827 1150 2887 occurrit
1164 2830 1213 2887 est
1227 2828 1446 2897 ,Bornsbss
1462 2828 1596 2903 Cyprius,

289 2915 449 2989 scriptores
461 2914 496 2973 Ν.
506 2914 537 2974 Τ.
552 2914 786 2990 inspiratos,
802 2934 930 2992 quorum
942 2979 944 2995 ,
958 2916 1011 2991 qui
1026 2920 1058 2975 et
1072 2915 1184 2993 «loseph
1199 2916 1317 2976 Levites
1332 2934 1401 2975 cum
1416 2916 1509 2975 Peulo
1524 2935 1597 2994 gen·

287 3002 360 3062 libri
386 3022 447 3062 nou
470 3004 602 3075 hnmani,
629 3004 680 3062 sed
705 3004 799 3064 divini
827 3006 929 3083 potius
941 3000 944 3101 Ι
957 3005 1035 3064 tium
1051 3006 1205 3083 spostolus
1222 3005 1377 3065 ordinatus
1392 3024 1484 3064 unsrn
1499 3006 1536 3063 od
1547 3024 1596 3064 ee-

289 3096 362 3151 sunt
378 3092 505 3161 dicendi,
522 3097 614 3169 etque
625 3093 662 3153 sd
672 3093 749 3152 illud
759 3094 929 3173 dopositum
941 3111 944 3182 ρ
956 3094 1154 3154 dificstionem
1162 3094 1312 3155 Ecclesiae
1320 3094 1521 3171 pertinentem
1536 3098 1596 3170 epi·

289 3184 433 3257 spectant,
451 3182 930 3245 cuiinnitituromnischristiano
941 3191 943 3273 ff
956 3185 1060 3243 stolam
1075 3185 1250 3260 composuit,
1273 3203 1349 3259 quoe
1370 3184 1450 3242 inter
1473 3202 1595 3259 apocry-

286 3270 446 3349 theologio.
470 3270 604 3332 Sufficiet
619 3290 668 3331 eos
685 3290 739 3347 pro
753 3272 943 3353 integritate!
957 3274 1030 3350 phos
1048 3273 1211 3349 scripturos
1235 3273 1378 3350 legitur<
1409 3273 1457 3331 Its
1471 3290 1495 3332 s.
1510 3272 1597 3331 Hie·

287 3363 462 3437 conspectus
477 3360 603 3421 literarii
626 3360 728 3421 ordine
743 3364 929 3423 recensuisse
955 3381 1143 3440 ronymus
1166 3362 1202 3422 de
1224 3362 1298 3421 viris
1320 3362 1430 3421 illustr.
1453 3380 1477 3420 c
1494 3372 1523 3432 6,
1547 3361 1596 3420 cui

289 3446 535 3530 chronologicol).
566 3450 591 3509 li
623 3468 711 3527 porro
742 3458 815 3512 sunt
839 3454 927 3511 Met·
941 3497 943 3516 .
956 3453 1118 3512 concinunt
1148 3451 1251 3529 plnres
1280 3451 1397 3527 antiqui
1428 3450 1596 3527 scriptores,

290 3537 437 3610 thecue,
448 3539 575 3599 Mercu
585 3558 608 3611 s,
619 3538 638 3597 J
646 3539 740 3599 udos
754 3542 928 3602 Thoddoeus
940 3530 943 3572 ¹
956 3558 1084 3616 quorum
1098 3559 1247 3601 nonnemo
1256 3541 1339 3600 illem
1349 3540 1435 3599 libris
1445 3540 1595 3599 cononicis

289 3620 428 3707 (quornm
456 3647 554 3687 onnus
578 3629 752 3689 emortualis
776 3632 866 3707 plone
881 3632 927 3691 in·
940 3575 943 3724 Ι
955 3630 1115 3692 accensuit.
1144 3629 1243 3689 Etiam
1258 3648 1294 3689 ex
1308 3629 1382 3689 viris
1398 3628 1525 3688 eruditis
1548 3647 1594 3687 ro·

286 3713 408 3798 certus),
431 3717 451 3775 J
459 3718 602 3777 scobus
626 3717 723 3779 minor
737 3715 843 3801 (†62),
866 3720 1138 3794 Pe-‚concioribus
1173 3719 1254 3778 houd
1289 3718 1378 3795 ponci
1408 3717 1594 3787 Gloseler‚

285 3808 374 3863 trus
405 3808 436 3865 et
467 3808 614 3867 Paulus
647 3806 677 3888 (†
710 3805 773 3889 67).
806 3810 927 3869 Lucus
956 3808 1163 3879 Schonkcl,
1210 3808 1381 3884 Sprinzl,
1420 3806 1594 3878 Nirschl,

285 3893 478 3971 Euangeliou
509 3895 538 3974 (†
568 3914 592 3956 c.
620 3896 673 3973 74)
700 3900 730 3955 ct
754 3894 1594 3975 Joan'nes,nlrog‚rroppoloscillomgenuimm

286 3978 317 4064 (l
334 4003 358 4042 s.
379 3986 607 4065 100ve1101).
853 3978 858 3983 ’
939 3987 1241 4135 :gelpsentdpluritbus
1255 3989 1367 4135 gorgo?
1389 3985 1594 4151 lclorrtfiogicen·

968 4096 1174 4146 romeon
1199 4095 1253 4153 Jur
1366 4094 1382 4133 r
1416 4095 1455 4133 ur
1530 4093 1593 4150 Jsrn

332 4174 360 4227 2.
378 4166 408 4224 Si
427 4167 489 4241 jum
513 4168 550 4228 od
566 4168 727 4245 scriptores
752 4167 925 4228 accedemus
938 4181 940 4208 ¹
953 4170 1053 4226 ectum
1069 4168 1111 4225 sit
1125 4166 1205 4225 inter
1219 4165 1299 4223 viros
1315 4163 1449 4223 eruditos
1472 4165 1594 4222 nostroe

285 4255 511 4327 ecclesiasticos,
529 4260 619 4317 seul.
636 4257 683 4317 vix
700 4258 774 4317 duos
791 4257 924 4317 invenie·
938 4215 940 4320 i
953 4256 1060 4315 coistis
1076 4256 1112 4315 de
1128 4254 1219 4329 hujus
1235 4254 1379 4330 epistolae
1405 4252 1593 4331 genuinitote

283 4362 360 4413 mus,
377 4364 507 4421 quorum
529 4347 566 4406 cd
587 4365 642 4407 nos
659 4347 770 4423 scripto
784 4365 925 4424 pervene-
938 4367 939 4400 i
953 4348 1019 4404 tum
1028 4348 1152 4422 propter
1161 4344 1329 4420 singulares
1339 4346 1370 4401 et
1379 4342 1513 4401 duriores
1523 4360 1593 4401 ouo·

284 4432 357 4493 rint.
391 4432 476 4502 Quod
498 4438 607 4495 mirum
630 4436 742 4495 nemini
763 4436 924 4507 videbitur,
937 4499 940 4525 ἓ
953 4490 966 4495 ,
999 4490 1005 4496 ,,

283 4542 339 4624 (lm
354 4523 499 4627 nimiu
514 4526 653 4627 babuerit
676 4527 706 4583 et
721 4527 863 4627 mvititis
878 4536 939 4604 ΓΗ
994 4574 1010 4630 'l
1032 4570 1084 4623 Die
1104 4567 1256 4623 ultchristl.
1281 4566 1424 4621 Lilcrotur
1450 4564 1509 4617 und
1531 4562 1594 4616 ihre

283 4611 406 4688 hgronrs
423 4612 610 4683 christianos,
627 4619 658 4675 et
673 4618 922 4690 persecutionum,
937 4637 939 4700 ;
954 4641 1148 4710 llrforcohung
1173 4656 1229 4693 von
1252 4644 1435 4696 1884—1900,
1456 4634 1594 4698 Freiburg

283 4735 442 4745 m———v-
937 4705 1155 4781 l190054pag.
1169 4719 1308 4777 81‚quem
1320 4708 1368 4762 hic
1382 4706 1595 4776 etinproeoed.

326 4786 343 4855 ¹)
355 4782 683 4851 Sequemursententiss‚
692 4786 742 4840 ubi
751 4785 811 4840 fieri
823 4788 923 4855 potest,
937 4789 939 4838 t
953 4786 1019 4839 fuso.
1034 4786 1070 4837 uli
1082 4800 1108 4837 a.
1123 4790 1192 4839 1880
1201 4788 1307 4842 -1884,
1322 4779 1360 4833 ib.
1377 4788 1444 4835 18:14
1457 4791 1470 4842 i
1484 4783 1500 4832 6
1513 4777 1548 4830 Of·
1558 4776 1595 4830 (Ῑθ

284 4855 435 4923 probatus:
450 4858 632 4925 quaestiones
646 4859 836 4913 accuratiores
846 4858 924 4911 chro-
937 4841 939 4894 l
953 4855 1085 4910 omuibus
1099 4851 1297 4932 controversiis
1308 4852 1404 4932 nostru
1414 4853 1507 4903 aetate
1517 4864 1594 4901 occa-

284 4926 439 4997 uologioas,
460 4946 525 4983 cum
545 4930 640 4984 minus
660 4932 791 5001 spectent
807 4944 923 4999 scopum
953 4928 1032 4983 sione
1045 4927 1133 4995 hujus
1147 4942 1191 4994 ep.
1205 4926 1344 4976 excitatis.
1365 4922 1406 4975 cf.
1421 4919 1593 4974 Hurnuck

285 5002 423 5062 nostrum,
437 5001 628 5070 relinquimus
638 5002 790 5056 solvendus
802 5000 925 5055 auctori·
954 4999 1054 5053 Gesch.
1084 4997 1134 5049 der
1161 4993 1312 5050 altchristl.
1342 4993 1396 5047 nit.
1427 4994 1446 5055 l,
1479 4998 1593 5047 58—63.

285 5072 347 5134 lius,
366 5071 415 5139 qui
436 5073 471 5127 cle
488 5072 700 5129 introductione
721 5074 750 5127 in
765 5091 786 5127 s.
800 5072 925 5142 Scriptu·
953 5072 1100 5140 Krltger
1113 5068 1214 5121 Gesch.
1222 5068 1272 5121 der
1279 5064 1429 5120 ultchristl.
1440 5064 1595 5126 Literutur,

284 5160 346 5196 rum
361 5146 394 5200 N.
408 5147 438 5200 T.
452 5150 521 5201 sunt
533 5145 658 5203 solliciti.
938 5127 940 5146 ¹
955 5142 1094 5209 Freiburg
1109 5147 1177 5195 1895
1190 5149 1203 5205 5
1217 5144 1241 5195 6.

391 5246 487 5302 Hortor,
500 5245 665 5293 Nomenclstor
677 5245 688 5291 l
701 5244 730 5291 ed
742 5244 783 5291 lll.
1418 5235 1426 5279 l
