4117 5842
365 552 389 611 X

329 712 336 719 ’
364 730 488 808 graphia
503 730 670 808 germanica
684 730 733 789 vel
747 729 854 807 gallica
863 730 1065 808 Hispanorum
1074 728 1123 787 sel
1132 728 1374 787 Americanorum
1389 725 1571 803 exspectabit
1585 741 1674 785 sncc-

364 839 442 923 mia?
453 838 559 897 Nonne
570 837 862 913 lieetdisputationis
872 840 1083 914 argumentum
1099 833 1384 910 adcertosfixosque
1397 830 1673 894 revocarelimitest
1717 860 1721 867 «

358 1012 360 1021 ,
457 958 486 1011 2.
502 946 562 1006 Alii
579 948 729 1005 serratum
745 945 870 1006 mallent
884 947 1019 1008 ordinem
1036 946 1214 1021 scriptorum
1237 942 1541 1019 alphabeticum,
1568 941 1674 1000 chro-

364 1054 588 1131 nologicum
613 1055 747 1129 carpunt.
778 1052 889 1115 Verum
913 1053 961 1113 hic
986 1051 1205 1128 multiplicior
1230 1049 1326 1125 capite
1351 1048 1563 1127 praeferendus
1585 1044 1674 1106 nohis

364 1160 494 1233 videtur,
510 1178 578 1219 cum
593 1159 631 1219 ob
647 1159 748 1219 oculos
762 1161 856 1237 ponat
870 1134 1039 1237 theologiae
1054 1155 1292 1217 incrementerel
1302 1154 1492 1214 decrementa
1506 1152 1675 1213 seculorum

365 1267 461 1343 lapsu,
478 1266 616 1326 eemndat
630 1266 774 1343 regiones,
792 1267 825 1325 in
840 1266 950 1341 quibus
975 1282 1059 1325 sacra
1082 1262 1178 1340 magis
1201 1261 1358 1321 floruerint
1381 1260 1490 1332 studia,
1512 1259 1604 1319 simnl
1625 1276 1675 1318 ex·

366 1374 467 1463 hibeat
482 1392 542 1445 eos,
560 1374 613 1451 qni
628 1374 662 1433 in
676 1374 766 1433 variis
783 1373 992 1433 controversiis
1007 1371 1137 1449 collegae
1147 1368 1504 1430 fuerintreladrersariir
1520 1386 1596 1443 qnae
1605 1384 1675 1443 cog·

366 1482 444 1542 nitio
460 1501 514 1559 pro
529 1482 655 1542 historia
668 1482 802 1543 literaria
823 1500 884 1542 non
899 1482 992 1558 parri,
1008 1480 1069 1540 imo
1085 1479 1187 1557 magni
1202 1482 1249 1538 est
1262 1476 1406 1539 facienda.
1437 1476 1590 1545 Quomodo
1605 1492 1676 1535 vero

365 1608 401 1649 ea
415 1589 464 1649 vel
479 1590 628 1666 conjicias,
651 1589 677 1648 si
692 1592 810 1649 servato
826 1588 930 1649 ordine
946 1587 1133 1664 alphabetico
1147 1586 1234 1647 modo
1250 1585 1391 1645 landetur
1407 1584 1535 1661 scriptor
1550 1601 1606 1644 sec.
1620 1581 1676 1652 Ill,

367 1695 454 1755 modo
470 1696 518 1759 IX.
535 1696 583 1755 vel
598 1696 674 1756 XII?
705 1696 736 1755 Si
758 1713 839 1755 nnnc
860 1696 1010 1773 exegetae,
1038 1713 1104 1754 mox
1119 1693 1351 1771 historiographi
1373 1693 1421 1752 vel
1437 1691 1610 1768 apologetae
1625 1689 1678 1749 liat

366 1804 500 1863 mentio?
531 1804 561 1863 si
576 1804 734 1880 alphabeto
748 1805 904 1880 tantopere
920 1802 1084 1873 delecteris,
1101 1801 1188 1861 adeas
1203 1800 1237 1860 in
1251 1803 1400 1860 tomorum
1416 1798 1604 1877 singulorum
1619 1796 1677 1857 tine
1741 1807 1743 1810 “

367 1909 496 1969 indicem
512 1910 667 1969 nominum
684 1909 863 1987 scriptorum
879 1911 1015 1969 accurate
1030 1907 1138 1968 ordine⁴
1149 1906 1334 1984 alphabetico
1350 1905 1572 1983 dispositorum.

459 2016 725 2094 3.Nondetuitqui
733 2015 1297 2095 superfluumpronunciaretrecensere
1302 2014 1381 2089 juris
1392 2013 1526 2073 canonici
1535 2012 1675 2083 cultores,

310 2198 312 2203 Α
367 2142 435 2183 eum
450 2141 500 2182 eos
515 2122 677 2182 Schults
690 2123 752 2200 jam
767 2124 948 2183 recensuerit
962 2123 996 2181 in
1011 2120 1243 2198 op.-(laschichte
1258 2117 1445 2189 derQnellen
1454 2119 1517 2180 und
1526 2118 1679 2178 Literstur

367 2230 420 2289 des
442 2229 642 2289 kanonischen
664 2230 798 2294 Rechtes.
830 2228 987 2307 Singulare
1006 2229 1096 2305 plane
1118 2226 1291 2287 consilium!
1324 2226 1483 2287 consulere
1505 2226 1542 2296 ei,
1566 2226 1619 2301 qni
1642 2225 1679 2285 de

367 2337 463 2397 totius
479 2336 646 2415 theologiae
661 2337 886 2397 nomenclatura
909 2336 1113 2397 concinnanda
1137 2335 1257 2413 cogitat,
1283 2337 1320 2394 ut
1341 2352 1451 2411 magna
1471 2333 1678 2411 theologorum

369 2445 445 2505 seris
462 2444 670 2521 praetermissa
686 2445 811 2505 lectores
836 2445 950 2523 releget
974 2444 1011 2503 aci
1036 2443 1120 2515 alios,
1144 2444 1197 2519 qni
1219 2442 1295 2502 forte
1310 2442 1377 2501 illos
1393 2440 1576 2519 collegerint
1607 2439 1679 2509 Quis

368 2552 506 2613 consulet
521 2551 693 2611 auctoribus
709 2571 737 2611 v.
752 2570 797 2628 gr.
813 2551 1005 2629 liiographias
1026 2550 1215 2628 germanicae
1227 2550 1425 2617 'universalia
1441 2554 1478 2608 nt
1492 2550 1681 2625 praetereant

370 2646 631 2737 historiographos,
649 2677 723 2735 quos
738 2662 824 2719 tanta
839 2659 1026 2737 collegerunt
1041 2658 1163 2718 solertia
1177 2658 1363 2718 Potthsst
1384 2658 1423 2717 in·
1432 2676 1487 2717 sna
1501 2656 1682 2716 bibliotheca

369 2768 514 2827 historica
528 2766 618 2826 medii
633 2766 709 2837 aevi,
735 2770 766 2826 et
781 2786 816 2826 ex
832 2770 918 2844 parte
940 2766 1194 2825 Wattsnbach
1216 2765 1249 2825 in
1264 2764 1482 2825 Deutschlands
1496 2762 1681 2823 Geschiehts·

369 2874 490 2953 quellen
505 2875 547 2933 im
563 2873 753 2945 Mittelalter;
770 2875 806 2933 ut
820 2874 963 2934 omittant
978 2874 1137 2951 scriptores
1160 2873 1332 2945 ausciacos,
1356 2890 1424 2933 cnm
1448 2872 1493 2932 illi
1508 2870 1681 2949 plenissime

358 2985 559 3061 reperientur
573 2983 606 3041 in
622 2983 658 3041 W
667 2981 835 3041 nrzbach
860 2982 1108 3060 Biographisches
1123 2982 1255 3043 Lexikon
1270 2982 1322 3041 des
1337 2982 1544 3041 Kaiserthums
1561 2979 1680 3038 Oester·

368 3090 469 3150 reich?
500 3090 519 3148 J
523 3091 592 3149 uxta
607 3089 662 3149 hoe
677 3088 836 3149 consilinm
852 3090 952 3149 omnia
966 3108 1094 3150 censura
1112 3090 1213 3168 digna·
1225 3092 1298 3149 snut
1313 3097 1411 3165 opera,
1427 3106 1504 3163 qnae
1519 3086 1586 3146 aliis
1600 3086 1683 3145 inni·

369 3200 479 3255 tuntur
495 3197 585 3271 atque
601 3212 636 3253 ex
651 3194 689 3253 iis
706 3198 779 3255 sunt
795 3196 979 3256 concinnata.

462 3312 490 3365 4.
506 3302 673 3379 Exprobrat
689 3304 766 3363 alins
782 3304 978 3363 accurationis
1002 3304 1122 3363 criticae
1136 3302 1286 3363 desectum
1308 3304 1538 3381 neglectumque
1554 3301 1684 3361 fontium

370 3409 503 3478 atilium,
521 3412 676 3469 anctorum
692 3409 868 3485 praesertim
893 3409 1133 3486 protestantium.
1163 3409 1232 3469 Non
1256 3426 1400 3486 negamus
1425 3408 1505 3468 inter
1530 3424 1685 3467 censorum

366 3518 438 3593 jura
453 3515 530 3575 illud
546 3534 609 3575 esse
624 3514 837 3592 reponendum,
854 3516 889 3575 ut
903 3524 1007 3591 aperte
1030 3534 1114 3576 suam
1139 3515 1294 3594 proferant
1318 3515 1514 3575 sententiam:
1539 3531 1685 3574 memores

371 3640 471 3685 samen
487 3624 651 3684 officiorum
668 3642 788 3700 quoque
804 3623 866 3683 sint
880 3622 967 3699 aequi
991 3624 1132 3688 censoris.
1162 3626 1301 3700 Aequum
1324 3641 1394 3682 sane
1415 3623 1544 3694 videtur,
1567 3624 1603 3681 nt
1625 3639 1685 3680 non

372 3730 475 3791 eadem
491 3731 639 3791 accuratio
654 3734 686 3791 at
700 3731 833 3791 omnium
849 3732 978 3792 lentium
994 3732 1125 3809 cognitio
1144 3732 1181 3791 ab
1197 3750 1232 3791 eo
1247 3731 1460 3808 expostuletur,
1477 3729 1531 3805 qui
1545 3729 1683 3788 milleno·

373 3856 441 3898 rum
458 3838 577 3897 brevem
594 3856 625 3897 se
641 3837 793 3915 promittit
809 3837 951 3898 daturum
972 3837 1113 3898 notitiam
1137 3839 1325 3915 scriptorum,
1350 3854 1385 3895 ac
1400 3836 1437 3895 ab
1452 3854 1496 3907 so,
1512 3835 1566 3911 qui
1580 3852 1683 3894 mono·

372 3943 524 4022 graphism
541 3962 594 4004 sen
609 3944 814 4022 biographiam
829 3944 866 4004 de
882 3944 1028 4023 singulari
1044 3943 1146 4020 aliquo
1162 3944 1355 4016 vircillustri
1369 3943 1537 4007 conscribit
1554 3942 1684 4002 candide

372 4052 510 4121 fatemur,
527 4068 581 4110 nos
597 4069 658 4110 non
673 4050 813 4111 omnibus
828 4070 900 4112 usos
916 4069 981 4111 asse
1004 4051 1138 4111 fontibus
1161 4055 1195 4110 et
1218 4049 1363 4138 subsidiis
1385 4048 1535 4120 literariis,
1557 4067 1634 4125 qnae
1648 4048 1687 4107 sd

374 4177 495 4235 scopum
503 4160 640 4219 nostrum
647 4158 777 4218 fuissent
789 4159 886 4231 utilia,
898 4160 1078 4236 opportuna,
1088 4158 1148 4217 imo
1158 4160 1190 4217 et
1198 4156 1378 4216 necessaria:
1395 4155 1447 4215 sed
1460 4173 1574 4231 aequus
1584 4171 1688 4213 censor

375 4266 430 4325 hoc
445 4266 477 4325 in
493 4268 669 4343 argumento
685 4265 733 4325 vel
748 4241 854 4342 parum
870 4267 1016 4337 versatus,
1042 4266 1118 4324 sciet
1141 4264 1262 4325 illorum
1286 4255 1400 4339 copiam
1424 4279 1489 4322 esse
1513 4280 1589 4338 pene
1603 4262 1686 4320 inex·

374 4374 518 4432 haustam.
549 4373 657 4431 De'die
673 4371 801 4431 indiam
816 4374 847 4433 in
863 4374 909 4433 tot
923 4372 1003 4432 foliis
1019 4369 1160 4430 litorariis
1184 4368 1342 4446 periodicis
1357 4368 1450 4445 inque
1464 4367 1686 4446 monographiis

374 4484 405 4539 et
420 4480 606 4557 biographiis
621 4497 715 4539 novae
732 4498 848 4558 semper
862 4480 1057 4557 proferuntur
1071 4477 1196 4536 notitiae
1212 4494 1299 4553 saepe
1313 4494 1383 4535 vere
1398 4474 1546 4551 pretiosae
1561 4474 1598 4534 de
1614 4474 1686 4534 scri·

375 4586 513 4663 ptoribus
529 4586 703 4646 illustribus
717 4585 948 4661 praeteritorum
964 4582 1132 4643 seculorum
1147 4600 1310 4658 eorumque
1326 4581 1476 4657 operibns.
1492 4579 1572 4649 Quot
1586 4598 1688 4640 earum

375 4694 564 4771 collegimus,
580 4694 653 4753 dum
667 4693 749 4770 typis
765 4694 887 4753 daretur
908 4693 957 4752 hic
977 4696 1086 4762 tomm,
1110 4689 1222 4765 quibus
1245 4690 1292 4748 uti
1315 4708 1377 4748 non
1393 4688 1521 4765 amplius
1546 4688 1641 4760 licuit,
1657 4693 1688 4747 et

375 4822 502 4877 quarum
519 4802 682 4878 specimina
697 4802 730 4861 in
745 4801 897 4861 Addendis
913 4800 1061 4861 dabimus.
1093 4798 1170 4858 Hinc
1185 4802 1303 4858 nostrae
1318 4797 1430 4857 conscii
1444 4797 1628 4857 infirmitatis
1644 4800 1689 4857 at·

376 4928 435 4986 que
450 4909 602 4985 egestatis,
620 4908 701 4969 omni
726 4906 865 4967 destituti
889 4906 1017 4967 aliorum
1042 4924 1140 4983 opera,
1167 4904 1254 4976 absit,
1280 4906 1317 4963 ut
1340 4905 1426 4964 nobis
1447 4903 1687 4981 persuadeamus,

376 5014 539 5074 lectoribus
556 5014 693 5073 exhibere
708 5032 785 5091 opus
801 4998 933 5074 numeris
950 5014 1087 5073 omnihus
1102 5012 1275 5072 absolutum
1290 5015 1321 5071 et
1330 5009 1368 5071 ad
1383 5011 1521 5071 nltimam
1535 5010 1690 5069 redactum

376 5124 486 5195 limam,
502 5121 577 5182 rude
593 5125 713 5182 lantum
737 5124 784 5183 est
808 5125 838 5180 et
862 5122 1043 5185 inchoatum.
1074 5122 1208 5181 Deernnt
1231 5120 1311 5181 haud
1335 5119 1424 5197 pauci
1447 5118 1614 5195 scriptores,
1637 5120 1691 5196 qui
