4117 5842
406 576 467 634 179
577 635 585 642 ¹
758 557 948 614 326—400.S.
960 553 1130 610 Ambrosius
1142 555 1371 613 mediolanensis.
1655 574 1716 634 130

402 745 544 823 pluribus
560 745 720 805 interesset
735 743 878 813 conciliis,
897 746 982 804 totus
997 743 1043 803 vi·
1073 741 1180 801 atino
1195 737 1335 824 dicitur1)
1352 742 1532 814 ,homoDei
1548 744 1717 806 catholicus

402 835 491 896 vebat
506 852 560 894 auo
576 834 661 912 gregi
670 833 810 894 omnibus
824 833 924 894 omnia
937 832 1045 892 fumus.
1072 833 1103 891 et
1125 831 1286 892 catholicae
1302 831 1437 892 veritatis
1453 831 1597 894 adversm
1612 835 1717 896 baere-

403 925 481 984 Hinc
505 923 678 983 catervatim
701 942 769 982 eum
792 922 916 984 adibant
940 921 1044 982 auxilii
1071 919 1148 979 ticos
1173 939 1270 998 usque
1300 919 1338 980 ed
1362 920 1532 997 periculum
1557 923 1716 1002 sanguinis

402 1014 516 1090 inopes,
540 1031 668 1088 quorum
690 1011 916 1072 infirmitatibus
933 1010 1044 1071 sarrie-
1072 1008 1209 1069 defensor
1219 1009 1433 1070 acerrimus...
1450 1013 1593 1072 amenuus
1604 1013 1714 1074 Christi

402 1103 470 1162 bats
501 1119 588 1162 nemo
613 1101 771 1162 vetabatur
794 1101 921 1179 ingredi,
946 1119 1044 1176 neque
1071 1098 1716 1180 milesetEcclssiaeiidelisdoctor;‘,quem

403 1209 467 1251 moa
482 1193 547 1252 erat
569 1191 597 1250 ei
615 1191 784 1251 venientem
798 1191 957 1250 nunciare:
980 1192 1045 1249 erat
1072 1205 1197 1247 veneror
1220 1190 1256 1247 ut
1280 1189 1405 1265 patrem,
1435 1189 1469 1249 in
1491 1188 1608 1250 Christo
1634 1191 1713 1251 anim

402 1279 536 1359 gaudem
546 1297 615 1342 cum
623 1279 825 1356 gaudentibus
840 1282 872 1340 et
885 1279 959 1338 flens
976 1297 1044 1339 cum
1071 1276 1147 1336 Jssu
1162 1276 1227 1353 ipse
1242 1296 1289 1337 me
1299 1277 1406 1356 genuit
1415 1321 1431 1344 ..
1445 1325 1455 1342 .
1470 1325 1477 1340 .
1492 1280 1580 1356 cujus
1595 1298 1650 1356 pro
1667 1299 1716 1340 ca·

401 1368 584 1448 flentibns1).
617 1369 671 1428 Vir
701 1371 765 1429 erat
792 1369 926 1438 ,multae
950 1368 1044 1428 absti-
1071 1365 1181 1426 thelica
1199 1365 1257 1426 flde
1278 1366 1417 1444 gratiam,
1439 1369 1647 1442 constantiam,
1670 1370 1716 1430 la·

403 1458 523 1518 nentiae
537 1461 569 1518 et
583 1457 756 1534 vigiliarum
771 1459 937 1518 multarum
954 1460 985 1517 et
1000 1459 1043 1517 le·
1071 1455 1166 1527 bores,
1176 1455 1317 1532 pericula,
1334 1455 1397 1516 siue
1413 1457 1554 1532 operibus
1570 1457 1636 1518 sive
1651 1477 1714 1519 ser·

402 1549 518 1619 borum,
550 1547 724 1624 quotidiano
750 1547 866 1624 jejunio
892 1565 1043 1607 macerans
1071 1544 1714 1622 monibuaetipsesumexpertusetmecum

403 1655 522 1713 corpus,
548 1636 597 1696 cui
621 1636 787 1714 prandendi
803 1655 958 1712 uunquam
973 1654 1043 1697 con·
1070 1633 1715 1720 nondubitatpraedicaraorbisromanus2).

403 1726 532 1786 suetudo
548 1725 608 1785 fuit
623 1726 683 1786 nisi
699 1725 748 1786 die
763 1726 880 1787 sabbati
903 1728 935 1785 et
949 1724 1043 1786 domi·

402 1816 471 1875 nico
486 1815 535 1874 vel
553 1833 622 1874 cum
636 1814 769 1874 natilitie
784 1815 1045 1874 celeberrimorum
1118 1821 1169 1873 96.
1184 1811 1281 1871 Multa
1304 1812 1429 1888 reliquit
1450 1830 1539 1890 opera
1554 1815 1715 1890 praeclara,

402 1907 570 1981 martyrum
585 1905 695 1966 essent
727 1903 838 1964 Oraudi
857 1904 947 1963 stiam
968 1903 1044 1964 essi·
1071 1900 1104 1959 in
1119 1900 1230 1974 quibus
1245 1901 1350 1976 pistas,
1373 1901 1516 1974 doctrina,
1542 1901 1719 1979 eloquentia

403 1991 503 2053 duitas
513 2012 621 2071 magna
632 1992 680 2054 dis
696 2011 729 2052 ac
743 1995 845 2065 noci03
861 2012 915 2052 nec
924 2010 1044 2070 operum
1072 1989 1184 2065 pariter
1193 1991 1314 2049 movent
1323 1989 1441 2050 lectoris
1454 1991 1596 2064 animum,
1608 1993 1718 2054 domne

403 2082 571 2142 declinabat
586 2082 738 2143 scribendi
754 2082 876 2159 propria
891 2101 982 2142 mann
1006 2083 1044 2141 li·
1071 2079 1161 2156 atque
1177 2078 1336 2142 oblectent.
1366 2079 1409 2138 Ex
1432 2080 1478 2139 his
1494 2080 1719 2158 dogmatica

402 2171 482 2243 bros,
497 2171 746 2246 nisicumaliqua
754 2171 929 2232 infirmitate
937 2189 1044 2248 corpus
1071 2169 1102 2225 et
1124 2166 1269 2242 polemica
1291 2171 1376 2228 eunt:
1400 2169 1485 2243 Libri,
1505 2168 1530 2228 V
1552 2171 1588 2230 de
1605 2172 1662 2246 fide
1684 2169 1717 2254 (a

403 2260 470 2336 ejus
488 2261 675 2320 attineretur.
778 2260 815 2319 In
838 2259 928 2320 rebus
953 2261 1044 2320 etiam
1072 2257 1224 2316 nonnullis
1255 2257 1462 2317 inscribuntur
1491 2261 1526 2318 de
1560 2260 1716 2341 liinitote)

403 2348 514 2408 divinis
524 2349 724 2426 adimplendis
734 2348 915 2410 fortissimus
931 2349 963 2408 iu
978 2351 1043 2409 tan-
1071 2348 1196 2423 rogante
1212 2345 1353 2406 Gratiano
1369 2348 1405 2405 ad
1421 2347 1608 2424 imperatoris
1624 2349 1713 2410 iidem

402 2441 478 2509 tum,
502 2438 539 2498 ut
553 2438 634 2513 quod
649 2437 759 2498 solitus
775 2442 839 2498 erat
855 2438 931 2498 circa
947 2438 1044 2514 bapti·
1071 2433 1302 2494 confirmandam
1308 2437 1617 2498 contrecavillstiones
1627 2439 1714 2498 Aria·

401 2527 508 2585 nendos
530 2528 613 2587 solus
636 2527 769 2603 implere,
791 2528 925 2604 quinque
940 2532 1045 2604 postea
1071 2541 1179 2584 norum
1194 2525 1365 2603 conscripti.
1397 2525 1562 2602 scripserat
1582 2527 1714 2603 primum

401 2615 532 2693 episcopi
541 2619 685 2692 tempora,
701 2617 906 2692 qnodeoeasit
922 2617 972 2677 vix
987 2617 1043 2677 im·
1072 2612 1146 2672 duos
1163 2607 1264 2697 (378).
1296 2614 1343 2672 ad
1365 2633 1457 2674 novas
1472 2617 1573 2676 tamen
1588 2617 1716 2678 Anauo-

400 2704 528 2782 plorent
561 2704 715 2766 Sollicitus
730 2707 820 2767 etiam
835 2706 965 2770 nimium
989 2727 1043 2784 pro
1070 2721 1138 2760 rum
1168 2703 1370 2762 cavillationes
1401 2704 1573 2764 refutandas
1604 2706 1715 2783 adjecit

400 2793 583 2871 pauperibus
593 2797 625 2853 et
633 2795 849 2872 eaptiviszuam
859 2795 1041 2872 intempore,
1070 2789 1144 2850 alios
1175 2794 1236 2851 tres
1268 2792 1415 2870 singulari
1446 2811 1518 2853 curs
1547 2795 1717 2856 elaboratos

402 2901 462 2958 quo
487 2882 643 2960 episcopua
667 2885 823 2946 ordinatus
848 2888 910 2956 est,
935 2905 1043 2946 aurum
1072 2874 1173 2963 (379),
1190 2881 1243 2956 qui
1259 2880 1393 2956 priorum
1410 2883 1576 2943 suntrelut
1591 2885 1716 2961 supple·

400 2990 489 3032 omne
512 2975 603 3048 atque
626 2977 792 3052 argentum,
824 2975 904 3051 quod
934 2975 1043 3035 hebere
1069 2973 1214 3034 mentum,
1229 2970 1306 3029 Hinc
1320 2971 1431 3046 partim
1447 2972 1713 3052 omissaadjungit,

401 3065 527 3137 poterat,
550 3063 689 3124 ecclesiae
708 3065 755 3124 vel
770 3064 954 3142 pauperibus
969 3083 1041 3136 opn-
1071 3059 1181 3132 pertim
1192 3059 1255 3134 jam
1271 3059 1349 3118 dicta
1364 3059 1463 3122 fusius
1479 3061 1626 3138 explanat,
1644 3082 1715 3138 par·

400 3151 483 3214 tulit.
523 3152 769 3223 presedissem,
804 3173 881 3229 qma
905 3153 1041 3224 habebat,
1070 3147 1125 3206 tim
1141 3149 1177 3206 ad
1193 3165 1284 3208 novas
1301 3151 1487 3226 exceptiones
1512 3147 1712 3236 respondetil

400 3244 552 3300 reservato
562 3240 787 3302 usufructuario
797 3262 954 3320 germanae
962 3262 1041 3313 suae,
1071 3236 1126 3296 Hie
1142 3237 1289 3298 coronidis
1311 3239 1408 3315 gratio
1430 3239 1539 3316 adjecit
1554 3237 1647 3322 (381)
1663 3259 1715 3300 eo·

401 3328 526 3389 donavit
540 3330 689 3401 ecclesiae,
713 3332 790 3390 nihil
806 3332 873 3402 sibi,
897 3331 977 3407 quod
993 3331 1043 3391 hic
1069 3325 1136 3386 dem
1153 3326 1330 3403 imperatore
1345 3333 1469 3405 rogante
1484 3329 1512 3391 ll.
1524 3330 1587 3388 3de
1597 3329 1713 3406 Spiritu

400 3436 491 3478 suum
506 3417 626 3492 diceret,
643 3419 861 3497 derelinquens,
887 3424 922 3480 ut
942 3421 1042 3481 nudus
1069 3435 1102 3492 a,
1120 3415 1279 3491 inquibus
1306 3415 1406 3476 utitur
1429 3417 1570 3494 operibus
1595 3419 1633 3478 de
1657 3420 1714 3482 hoo

400 3510 491 3582 atque
506 3507 663 3582 expeditus
678 3509 765 3568 miles
781 3509 932 3570 Christum
942 3510 1041 3570 Domi·
1069 3507 1245 3583 argumento
1255 3525 1274 3564 a
1286 3523 1311 3566 s.
1324 3506 1487 3579 Basilio,
1508 3527 1530 3566 a
1546 3509 1714 3568 Athene·

400 3615 474 3656 num
489 3592 727 3678 sequeretur²)‚‘
760 3598 924 3659 Luboribus
947 3600 1041 3659 curis-
1069 3593 1127 3654 sio
1143 3597 1174 3654 et
1190 3594 1351 3671 Didymo
1367 3593 1566 3673 elaboratis4).
1576 3629 1621 3642 -
1631 3597 1715 3662 L.de

401 3703 460 3761 que
467 3688 664 3761 consumptus
672 3686 778 3746 incidit
787 3687 819 3747 in
827 3687 1040 3760 infirmitatem,
1070 3685 1283 3744 iucarnationis
1298 3680 1461 3748 dominica
1475 3693 1667 3764 sumomonte,
1679 3687 1712 3750 in

401 3793 461 3851 qua
482 3791 551 3833 eum
573 3775 712 3850 pluribus
734 3775 841 3836 diebus
857 3777 1043 3838 detineretur
1068 3791 1128 3848 quo
1144 3790 1235 3832 noves
1243 3773 1280 3831 ab
1289 3773 1409 3836 Arianis
1417 3776 1513 3834 motus
1521 3775 1712 3852 quaestiones

400 3863 434 3922 in
449 3863 569 3934 lectulo,
586 3865 796 3925 comesStilico
812 3866 920 3926 dixisse
934 3867 1040 3940 fertur,
1069 3865 1173 3921 contra
1196 3861 1265 3922 Filii
1290 3861 1479 3923 divinitatem
1504 3863 1640 3928 discutit.
1668 3899 1711 3910 -

402 3952 504 4028 ,quod
512 3954 597 4011 tanto
607 3953 671 4013 viro
686 3954 843 4014 recedente
858 3954 895 4016 de
911 3973 1040 4032 corpore,
1069 3950 1211 4026 Sequitur
1222 3951 1286 4024 jam
1300 3951 1501 4012 bellissimum
1516 3953 1550 4012 dc
1566 3957 1714 4031 mysteriis

400 4041 542 4101 interitus
556 4041 727 4103 immineret
740 4043 906 4122 Italiae³).‘
934 4044 1040 4104 Deces-
1070 4091 1229 4102 ....-..

399 4131 439 4190 sit
453 4132 558 4190 tantus
573 4130 626 4190 ille
640 4132 687 4190 vir
703 4141 732 4194 4.
748 4135 818 4210 Apr.
836 4142 909 4197 397.
1105 4125 1125 4230 ζ)
1139 4121 1212 4246 ilbdg·
1224 4121 1242 4248 lJ
1244 4121 1373 4178 ultanum
1387 4123 1405 4177 l·
1420 4131 1435 4178 2
1448 4140 1471 4178 0·
1485 4130 1540 4181 9³²·
1553 4129 1596 4180 3²·

471 4319 484 4330 ,
646 4310 701 4321 ,.
829 4312 835 4324 ,
917 4312 924 4324 ,
982 4313 989 4324 ,
1105 4199 1125 4336 ³3
1139 4210 1210 4335 Opiu
1236 4199 1504 4321 'hlocc’sinlltlinbtibaii
1523 4265 1712 4340 praecipuum

446 4319 496 4372 90.
511 4309 636 4386 Propter
644 4327 794 4388 mergerem
809 4331 875 4387 epus
884 4316 1039 4372 scientiam
1068 4335 1105 4390 ob
1118 4333 1292 4406 singulm
1304 4336 1510 4406 mmmm
1530 4337 1607 4394 im„
1628 4355 1645 4393 0
1664 4354 1712 4394 m,

398 4400 490 4475 etque
504 4398 612 4459 merite
625 4399 753 4459 maxime
767 4418 821 4477 pro
845 4401 924 4460 bono
940 4401 1039 4461 Eccle·
1068 4407 1133 4462 cula
1155 4425 1191 4464 ss.
1213 4406 1265 4462 PP.
1293 4409 1396 4464 selecto
1421 4407 1563 4466 edidimus
1587 4413 1608 4463 t

399 4487 461 4548 aiae
476 4488 663 4564 temporibus
678 4488 839 4549 admodum
853 4490 1040 4550 turbulentis
1068 4477 1229 4550 Oeniponte
1247 4483 1322 4536 1875.
1348 4479 1434 4535 Liber
1453 4483 1549 4537 sutem
1562 4483 1654 4550 defice
1665 4499 1711 4538 θν-

398 4577 515 4655 magnis
538 4580 666 4653 quatuor
681 4578 826 4638 eeclesiae
848 4579 1040 4640 coercemus
1067 4551 1711 4694 ffl‘gfffg{⁰ssffiffigigg‘323150ffibffigg

398 4665 571 4726 d00i⁰rib1¹⁸
593 4669 774 4739 ammius·
812 4669 838 4726 Α
861 4687 883 4727 ⁸·
907 4671 1039 4746 Augu·
1068 4691 1256 4764 probabiliter
1268 4692 1383 4748 videtur
1396 4711 1455 4748 esse
1468 4693 1711 4767 Gregoriieli·

399 4823 559 4836 *-
983 4795 987 4799 -
1070 4763 1198 4820 ueneni.
1225 4765 1266 4818 cf.
1280 4783 1307 4846 p.
1324 4773 1371 4822 141
1387 4782 1412 4818 a.

1102 4839 1125 4908 ⁴)
1139 4835 1240 4890 Exstat
1251 4837 1325 4891 alius
1338 4835 1452 4893 libellus
1461 4838 1508 4894 rel
1518 4837 1561 4892 fra
1611 4841 1710 4894 sutum

439 4907 457 4976 ¹)
471 4903 512 4959 Oi.
526 4923 547 4958 a.
561 4905 940 4976 AugustinusOonieas.
953 4906 1038 4972 V1‚s;
1067 4922 1113 4976 op.
1132 4910 1164 4962 de
1182 4910 1320 4978 Spiritus.
1342 4907 1400 4978 (Mi
1435 4925 1476 4962 ne
1496 4907 1585 4974 XVI,
1605 4915 1709 4966 100⁵-

398 4975 586 5031 Paulinua
598 4976 629 5029 in
643 4977 705 5046 ejus
717 4977 778 5031 sits
790 4996 818 5031 n.
832 4985 875 5035 39.
1069 4983 1147 5050 1012)
1161 4980 1215 5033 sub
1233 4979 1347 5035 nornine
1367 4997 1390 5033 s.
1403 4927 1554 5045 {mbroaii
1575 4980 1627 5050 qui
1647 4979 1710 5052 qui·

435 5050 457 5188 :3
470 5046 714 5175 iffffiinlz
725 5048 757 5104 in
768 5048 828 5103 vite
841 5055 937 5106 o-9n.
950 5055 994 5106 38.
1065 5049 1131 5173 (ἔξω
1155 5053 1199 5104 est
1222 5052 1297 5176 lecttu
1320 5050 1478 5178 dignualet
1503 5053 1628 5178 auffm
1660 5051 1710 5108 aad

503 5136 515 5170 1
573 5159 579 5170 .
639 5139 667 5174 n.
717 5158 724 5173 .
1097 5137 1160 5178 rnen
1173 5138 1273 5178 nones
1298 5140 1320 5176 s.
1333 5138 1435 5194 pressu
1448 5139 1536 5180 renos
