4117 5842
1072 1891 1133 1988 X.

575 2073 852 2210 Scriptores
880 2068 1205 2182 ecclesiastici
1231 2068 1388 2180 seculi
1413 2067 1628 2205 septimi.

819 2267 929 2365 Pars
950 2267 1080 2387 prior
1102 2269 1395 2382 (tol—636).

496 2675 567 2728 310.
583 2660 711 2740 Imperio
728 2681 851 2722 romano
874 2662 907 2720 in
929 2661 1088 2722 Occidente
1115 2662 1344 2721 ministrandam
1359 2661 1524 2738 susceperit
1539 2657 1764 2746 (anteacti).

443 2755 507 2830 jam
522 2753 643 2830 penitus
665 2753 821 2823 dissoluto,
845 2770 1015 2830 graccorum
1031 2751 1088 2810 im·
1116 2750 1173 2810 Sed
1187 2751 1285 2829 gratia
1299 2750 1402 2809 divina
1410 2749 1530 2811 afflatus
1544 2753 1631 2810 tanto
1646 2755 1765 2812 exarsit

447 2844 528 2920 perio
543 2841 707 2919 plurimum
723 2841 874 2900 laborante
894 2841 931 2900 ob
951 2841 1087 2918 gentium
1115 2839 1305 2916 perfeetionis
1315 2839 1425 2910 mucio,
1441 2842 1477 2899 nt
1489 2840 1617 2916 propriis
1626 2843 1761 2917 sumpti·

446 2932 636 2992 barbararum
659 2931 854 3000 incursiones,
871 2930 908 2990 ob
925 2929 1002 2989 bella
1019 2947 1088 2988 oum
1114 2930 1172 2989 bns
1195 2947 1246 2988 sex
1268 2929 1467 2988 aedificaverit
1487 2929 1520 2988 in
1536 2929 1638 2988 Sicilia
1653 2949 1761 2990 mona·

446 3020 544 3080 Persis
569 3020 728 3080 infeliciter
753 3037 838 3095 saepe
866 3021 956 3096 gesta
988 3020 1086 3078 ortum
1115 3019 1214 3089 steria,
1230 3037 1325 3078 nnum
1338 3017 1447 3077 Romae
1462 3018 1495 3077 in
1511 3017 1635 3077 aedibus
1651 3019 1721 3079 anis
1737 3039 1763 3083 s.

446 3111 591 3169 atrocium
605 3108 917 3169 blobammedonornm
932 3111 997 3182 etr,
1013 3108 1087 3167 satie
1114 3107 1251 3168 Andreae
1272 3107 1403 3166 dicatum
1424 3126 1517 3184 prope
1539 3107 1697 3167 basilicam
1721 3128 1762 3168 ss.

445 3199 544 3258 tristis
566 3199 626 3258 fuit
650 3199 840 3258 scientiarum
866 3197 899 3256 in
923 3215 1030 3274 genere
1057 3202 1088 3255 et
1115 3197 1239 3257 Joannis
1249 3196 1374 3256 etPanli
1383 3195 1421 3255 ad
1430 3196 1539 3256 clivum
1548 3196 1653 3255 Scauri
1664 3193 1764 3280 (nnnc

445 3288 597 3364 speciatim
613 3288 781 3365 theologiae
803 3286 857 3345 hac
879 3286 1000 3360 periodo
1017 3303 1086 3344 con·
1114 3286 1225 3346 montis
1241 3279 1356 3366 coelii),
1375 3285 1407 3344 in
1423 3304 1484 3360 qno
1499 3287 1562 3362 ipse
1576 3285 1672 3344 vitam
1687 3307 1761 3364 pro·

444 3377 527 3435 ditio.
567 3377 649 3436 Duos
679 3379 799 3436 tantum
829 3374 1009 3452 insigniores
1032 3375 1087 3434 bac
1113 3375 1273 3434 tessnsest
1295 3369 1428 3457 (intera
1446 3369 1635 3456 oss-577)
1652 3394 1762 3436 mona-

445 3465 565 3540 periodo
580 3465 747 3540 reperimus
770 3465 940 3540 scriptorese,
963 3463 1085 3523 ultimos
1113 3465 1218 3524 sticum
1234 3466 1318 3523 tanto
1333 3463 1448 3523 fervore
1463 3466 1495 3522 et
1515 3465 1622 3539 rigore,
1646 3468 1684 3523 nt
1708 3465 1763 3525 de·

445 3553 541 3613 veluti
563 3552 660 3613 radios
683 3554 754 3613 solis
781 3554 818 3612 ad
841 3571 976 3614 oceasum
1001 3548 1086 3636 (sane
1112 3554 1289 3612 trimentnm
1305 3552 1430 3611 inferret
1438 3552 1605 3612 valetudini
1616 3553 1763 3632 vitaeque

444 3636 663 3725 transeuntem)
681 3643 832 3720 vergentis
855 3644 886 3701 et
908 3643 940 3701 in
958 3641 1085 3702 confinio
1112 3643 1279 3718 periculum
1310 3640 1484 3701 incurreret.
1531 3641 1576 3700 Ob
1606 3642 1763 3704 virtutum

444 3731 586 3807 antiquae
607 3735 639 3791 et
661 3730 774 3791 mediae
790 3733 912 3790 aetatis:
936 3732 1015 3790 inter
1037 3749 1084 3790 ro·
1112 3731 1299 3806 splendorem
1315 3750 1333 3789 a
1347 3730 1506 3790 Benedioto
1515 3729 1548 3801 L,
1564 3749 1637 3790 rom
1654 3735 1761 3807 ponti·

444 3838 547 3880 manes
569 3815 754 3903 pontificesl)
777 3821 838 3880 scil.
856 3820 1085 3898 Gregorinm
1111 3820 1165 3880 fiee
1180 3819 1211 3899 (†
1229 3814 1317 3900 578),
1337 3819 1425 3896 jnrta
1446 3819 1520 3878 alios
1537 3820 1693 3898 aPelagio
1712 3823 1762 3893 11,

444 3910 482 3970 M.
504 3914 536 3969 et
557 3910 591 3968 in
613 3909 756 3987 Hispania
771 3910 967 3969 Isidorum
983 3909 1084 3985 hispa-
1111 3910 1225 3969 inritus
1241 3911 1273 3968 et
1289 3909 1440 3968 reluctans
1456 3907 1611 3968 ordinatus
1627 3910 1676 3968 est
1692 3911 1762 3970 dia-

443 4001 566 4062 lensem.
589 3999 758 4077 Gregorius,
775 4017 793 4057 a
807 4000 893 4076 grata
908 3997 1084 4073 posteritate
1112 4017 1213 4069 conns,
1235 4002 1266 4056 et
1280 3997 1318 4056 ab
1333 3997 1389 4057 boc
1404 4000 1525 4074 propter
1541 4000 1605 4072 ejns
1621 3999 1761 4073 pruden-

443 4089 481 4146 ob
497 4087 645 4164 praeclara
667 4088 802 4148 inomni
825 4087 1085 4164 ordinegestaet
1110 4087 1185 4146 tiam
1208 4091 1240 4146 et
1263 4086 1295 4145 in
1322 4086 1506 4164 gravissimis
1529 4085 1621 4146 rebus
1645 4089 1761 4166 mendi

443 4177 549 4236 merita
564 4176 742 4254 ,Magnus‘
759 4177 915 4247 salutatus
941 4175 1084 4234 Gordiani
1111 4175 1319 4235 dexteritatem
1329 4175 1441 4235 missus
1456 4194 1480 4239 c.
1496 4196 1522 4239 a.
1535 4185 1596 4240 580
1608 4175 1761 4238 sonsum

445 4266 591 4325 senatoris
616 4268 647 4325 et
678 4285 700 4326 s.
727 4265 949 4341 Sylriae·filius
973 4263 1083 4323 Reum
1110 4265 1266 4342 tinopolim
1293 4263 1330 4322 ad
1354 4264 1505 4323 Tiberium
1536 4265 1609 4342 imp.
1633 4265 1762 4344 legatus

444 4354 682 4431 probabilissime
709 4357 798 4413 natus
828 4355 876 4412 est
905 4371 928 4414 c.
959 4374 984 4414 a.
1011 4362 1083 4417 540.
1110 4351 1147 4431 (a.
1166 4353 1257 4430 bisi:
1278 4373 1339 4430 qna
1353 4355 1512 4424 occasione,
1535 4357 1572 4413 ut
1581 4355 1646 4430 jam
1662 4367 1763 4434 snpra

443 4443 622 4504 Adolescens
637 4445 669 4503 in
685 4443 858 4504 liberalibus
872 4442 1038 4518 disciplinis
1053 4445 1084 4500 et
1109 4443 1305 4513 panormus,
1337 4441 1519 4519 Entycbinm
1555 4442 1762 4519 patriarcham

443 4533 630 4610 postmodum
654 4534 686 4592 in
705 4533 785 4609 juris
801 4531 910 4609 peritia
924 4532 997 4590 adeo
1014 4549 1082 4606 pro·
1110 4531 1187 4591 eirca
1211 4550 1368 4608 corporum
1392 4533 1639 4592 resurrectionem
1664 4532 1760 4594 dubi·

442 4622 520 4694 lecit,
537 4626 573 4681 ut
588 4623 734 4683 senatoris
749 4622 842 4682 fuerit
858 4621 1005 4699 dignitate
1021 4620 1224 4701 citofftantem
1255 4621 1292 4679 ab
1323 4639 1421 4680 errore
1451 4621 1609 4680 revocavit
1648 4621 1761 4684 Redux

442 4714 566 4770 ornatus
583 4716 673 4787 atque
689 4715 860 4789 praeturam
875 4712 1021 4771 urbanam
1030 4709 1082 4769 ad-
1096 4704 1099 4749 *
1112 4710 1233 4769 Romam
1251 4706 1330 4794 (584
1346 4709 1395 4768 vel
1412 4705 1490 4792 585)
1513 4711 1627 4770 electus
1641 4713 1691 4770 cst
1709 4714 1761 4772 sni

1096 4796 1283 4859 ‘monasterii
1299 4798 1390 4857 abbas
1400 4817 1574 4875 saepequea
1586 4799 1712 4878 Pelagio
1720 4801 1760 4861 IL

685 4951 691 4963 ,
826 4953 831 4964 Ι
943 4951 949 4962 ‚
994 4951 999 4962 ,
1111 4888 1263 4948 adbibitus
1287 4888 1319 4946 in
1339 4887 1505 4951 eonsilium.
1530 4889 1603 4964 Ejus
1631 4891 1761 4950 nomine

444 4951 868 5078 ,resipuimus
882 4952 1001 5078 ssu
1017 4952 1232 5076 ,apeme
1252 4981 1315 5036 tre
1337 4977 1501 5052 meae
1517 4977 1555 5036 e
1570 4977 1675 5036 m,
1690 4980 1760 5056 ee·

445 5092 546 5146 cuerit
563 5093 604 5146 De
617 5040 861 5148 Hdnorio'lflin
875 5040 1007 5164 eequpenti
1020 5110 1084 5164 age·
1097 5078 1099 5125 Ι
1112 5085 1214 5144 ⁸⁰⁰P⁰⁸
1224 5067 1365 5143 epismlffl
1380 5066 1414 5125 in
1428 5084 1518 5126 “¹¹⁸⁸
1532 5065 1624 5126 trium
1635 5067 1759 5144 “Pinl‘

445 5178 574 5219 museee.
588 5164 649 5228 Vll,
662 5166 752 5234 parte.
1097 5138 1219 5226 ilerum,
1253 5158 1289 5215 ut
1319 5174 1368 5215 eos
1397 5154 1545 5215 Ecclesiae
1574 5156 1759 5217 conciliaret.
