4117 5842
315 562 355 617 35
529 574 532 583 .
704 541 836 611 Dionysii
848 542 885 597 sl.
899 558 993 613 opere.
1009 541 1240 597 Commodianus.
1387 530 1390 534 ¹
1587 560 1627 617 86

312 734 392 791 teste
407 728 645 807 Hieronymo
660 730 680 792 Ι.
698 728 956 799 Xlllilinlsaiem,
985 730 1020 808 (Ι,
1041 725 1449 810 1039-1088),iman1ts
1462 730 1630 790 Burden-

312 820 457 879 sdversns
479 818 634 878 Irenaeum
659 818 728 887 ,vir
748 817 957 897 eloquentissi-
984 821 1111 879 bewer
1141 837 1175 877 ea
1199 821 1246 877 est
1267 818 1392 877 conficta
1413 818 1451 877 nb
1473 820 1627 896 Apollina-

312 928 381 969 mus
399 959 407 973 .
423 957 454 972 ..
486 908 652 985 elegantem
683 908 803 979 librum,
829 908 957 967 irridens
984 910 1068 969 ristis
1092 908 1141 966 vel
1157 907 1383 984 lionopbysitis.
1414 906 1495 977 Ques
1510 928 1544 967 er
1563 910 1629 985 eins

313 999 396 1058 mille
406 1014 555 1057 annornm
564 996 857 1058 snbnlsmetauresm
867 1000 957 1073 etque
985 998 1107 1073 scriptis
1131 1002 1296 1073 supersunt
1325 995 1487 1073 diligenter
1507 998 1630 1075 collegi

312 1090 494 1165 gemmulum
504 1086 537 1145 in
546 1086 636 1146 terris
645 1086 834 1147 Jerusalem‘
851 1090 956 1145 etc-
986 1088 1088 1147 Simon
1104 1087 1141 1145 de
1156 1085 1393 1163 Megistrisl)
1416 1085 1524 1145 Romee
1544 1096 1626 1149 1796

313 1177 425 1237 (lontrs
462 1174 627 1235 sabellium
668 1178 798 1251 quatuor
836 1175 958 1251 scripsit
985 1177 1018 1235 in
1033 1176 1063 1247 f,
1081 1176 1125 1235 ed.
1141 1178 1306 1251 praestrue,
1329 1191 1419 1249 quam
1442 1175 1486 1238 ed.
1503 1175 1630 1252 hligue

313 1266 449 1343 epistolas
471 1264 509 1325 ed
531 1266 707 1325 Ammonem
728 1264 886 1325 Beronices
903 1282 956 1341 ep,
984 1283 1047 1325 non
1070 1264 1246 1342 cognovisse
1275 1263 1404 1333 ridetur,
1434 1264 1628 1323 binominus

313 1358 344 1415 et
354 1354 393 1414 sd
403 1353 626 1430 Telesphorum,
637 1356 668 1412 et
677 1352 714 1413 ed
725 1352 956 1429 Euphranorem,
985 1355 1074 1431 plene
1088 1372 1156 1429 opp.
1171 1351 1316 1429 reliquias
1331 1350 1451 1411 exhibet
1465 1353 1574 1413 Petrol.
1583 1371 1628 1429 gr.

313 1446 435 1504 demum
452 1442 489 1503 ad
506 1444 680 1501 Ammonem
696 1446 727 1501 et
743 1442 905 1519 Euporum.
925 1442 957 1501 lu
986 1443 1019 1513 X,
1040 1450 1277 1511 isse—13443
1297 1451 1525 1506 1515-1902.
1549 1442 1629 1501 Reli·

314 1534 421 1593 harnm
436 1531 548 1591 ultime
557 1532 741 1607 pressertim,
751 1535 787 1591 ut
797 1531 958 1591 discrimen
986 1532 1072 1608 quina
1088 1532 1161 1591 alias
1176 1530 1287 1607 reperit
1303 1529 1457 1606 ediditque
1474 1531 1582 1590 Pitrn
1596 1530 1629 1589 in

313 1624 395 1683 iuter
420 1622 537 1681 Putrem
563 1622 594 1679 et
609 1620 720 1681 Filium
742 1620 889 1682 eiiicscius
912 1620 957 1681 in·
986 1620 1139 1680 Analectia
1154 1637 1193 1683 ss.
1209 1620 1262 1690 ΙΙΙ,
1281 1629 1343 1683 597
1355 1636 1396 1691 s.;
1411 1619 1460 1679 IV.
1476 1628 1629 1690 res-182,

314 1714 456 1781 culcsret,
495 1710 768 1785 comperetionibus
798 1728 873 1771 usus
911 1713 959 1769 eat
987 1730 1114 1787 querum
1128 1714 1229 1769 tomen
1244 1709 1417 1787 genuinitas
1432 1708 1568 1768 nondum
1583 1712 1658 1789 est*

313 1819 390 1879 quse
413 1804 445 1859 et
467 1798 656 1859 substentise
676 1799 880 1859 diversitatem
897 1800 958 1877 eig-
987 1801 1061 1861 setis
1076 1802 1164 1859 certn

313 1890 446 1951 nilicnnt.
483 1888 562 1947 Hinc
583 1887 700 1949 deletus
722 1888 759 1947 sd
782 1889 958 1964 Dionysium

314 1980 489 2056 episcopum
510 1995 667 2039 romanum
690 1981 735 2037 est
759 1978 842 2037 etde
858 1996 959 2037 errore
1034 1988 1083 2041 41.
1100 1977 1218 2046 Omnes,
1234 1974 1629 2052 quoabeeteunsrecensni-

315 2068 518 2129 insimulatus.
539 2066 604 2135 Qua
619 2066 655 2125 de
671 2086 704 2125 re
720 2066 757 2127 sb
773 2086 808 2127 ec
823 2068 958 2127 monitus
986 2085 1063 2137 mus,
1095 2066 1229 2143 insignes
1267 2064 1423 2142 religionis
1450 2052 1630 2124 cbristinnse

315 2156 438 2233 scripsit
459 2154 589 2238 ἔλεγχον
611 2158 664 2217 mi
679 2154 855 2237 deuterius,
878 2155 959 2231 quod
986 2156 1130 2215 adversus
1140 2154 1273 2215 ethnicos
1282 2154 1366 2213 fuere
1375 2154 1557 2231 epologetne.
1574 2154 1629 2211 His

316 2246 462 2323 scriptum
477 2244 555 2303 idern
571 2262 635 2305 esee
651 2246 771 2306 videtur
786 2264 819 2305 sc
828 2246 860 2307 ll.
868 2245 909 2305 IV
922 2244 959 2303 ed
987 2245 1094 2305 rddere
1109 2244 1180 2317 licet
1193 2244 1287 2303 elium
1294 2243 1419 2303 minoris
1428 2242 1549 2319 quidem
1559 2260 1629 2301 nuc·

317 2334 496 2411 Dionysium
512 2335 873 2410 romeontruSnbellium,
890 2333 957 2409 qui·
987 2334 1121 2394 toritstis
1136 2332 1201 2392 scil.
1225 2332 1545 2402 Commodianum,
1568 2332 1630 2407 pri-

317 2426 374 2483 bus
397 2421 533 2500 pontifici
554 2422 641 2498 piene
666 2424 842 2483 satisfecisse
865 2422 959 2483 credi·
987 2442 1071 2483 mum
1093 2426 1211 2499 pettam
1236 2420 1440 2489 christianum,
1472 2421 1526 2497 qui
1551 2420 1631 2479 torte

317 2518 377 2575 tnr.
394 2511 546 2581 Qunedem
556 2512 661 2571 exinde
672 2513 846 2591 fragmenta,
863 2530 959 2571 neser·
987 2516 1077 2571 uetus
1099 2514 1147 2571 est
1161 2512 1253 2569 (icccc
1275 2511 1308 2569 in
1323 2509 1500 2580 Palaestina,
1523 2509 1630 2585 probs-

317 2606 429 2662 varunt
444 2593 532 2661 nobis
549 2618 572 2664 e.
590 2602 832 2662 Athanasius
858 2602 891 2661 in
914 2619 958 2677 ep.
987 2603 1080 2661 bilius
1096 2600 1128 2659 in
1144 2600 1250 2659 Africo.
1266 2600 1309 2659 De
1323 2599 1412 2658 eoitn
1420 2598 1526 2657 scribit
1540 2599 1631 2657 Gen·

317 2694 354 2751 de
376 2690 528 2751 sententis
549 2708 573 2753 s.
598 2690 731 2769 Dionysii
753 2694 784 2751 et
809 2708 833 2753 s.
855 2691 960 2751 Besi·
988 2691 1132 2749 nadius
1147 2688 1185 2747 de
1201 2688 1274 2747 viris
1289 2689 1333 2747 ill.
1349 2706 1373 2746 c
1394 2697 1448 2750 15:
1476 2688 1630 2755 ,Commo-

319 2782 409 2849 lius,
420 2782 452 2839 et
462 2778 539 2839 torte
547 2780 673 2856 longum
683 2783 889 2857 fragmentum,
901 2798 960 2855 quo
988 2780 1105 2852 disnus,
1135 2779 1207 2837 dum
1238 2778 1319 2837 inter
1349 2777 1498 2836 seculares
1529 2776 1631 2835 literss

318 2868 514 2946 Hermogenis
537 2888 620 2928 error
643 2868 680 2928 de
700 2870 824 2929 meterin
841 2873 962 2929 aeterne
989 2871 1078 2929 etiem
1094 2870 1211 2927 nostres
1221 2867 1303 2943 legit,
1321 2866 1504 2924 occasionem
1518 2865 1632 2939 occepit

318 2960 476 3029 refellitur,
487 2976 521 3016 ex
532 2958 553 3021 Ι.
567 2969 592 3020 1.
603 2958 745 3019 adversus
753 2959 916 3019 sabellium
924 2960 961 3018 eb
988 2959 1066 3017 fidei.
1097 2958 1204 3015 Factus
1219 2957 1321 3031 itaque
1336 2954 1519 3015 christianus
1533 2957 1565 3012 et
1580 2972 1631 3012 ro-

319 3046 492 3107 Eusebio
517 3048 618 3124 Prsep.
634 3066 680 3112 ev.
695 3049 758 3120 Vll,
776 3058 815 3113 19
832 3050 960 3107 relntnm
989 3049 1054 3107 lens
1070 3045 1186 3121 aliquid
1202 3044 1371 3105 studiorum
1386 3061 1511 3103 snorum
1525 3060 1632 3102 mune·

319 3156 353 3197 ex
378 3138 431 3197 illo
457 3154 504 3213 op.
529 3139 583 3195 est.
608 3170 649 3181 -
672 3138 716 3197 Ex
739 3140 803 3215 ejus
825 3137 962 3213 epistolis
989 3138 1031 3195 ris
1048 3135 1152 3195 otierre
1162 3134 1289 3203 christo,
1306 3150 1378 3193 snae
1387 3132 1496 3191 solutis
1506 3132 1630 3201 auctori,

319 3227 368 3308 (οἱ
387 3224 644 3303 Hieronymus
667 3227 704 3286 de
728 3226 783 3289 vir.
805 3227 849 3288 ill.
865 3244 889 3289 c.
907 3224 962 3307 69)
990 3224 1112 3301 scripsit
1126 3223 1268 3283 mediocri
1284 3239 1420 3281 sermone
1439 3222 1526 3297 qussi
1542 3238 1633 3280 versu

319 3316 423 3393 plures
438 3310 634 3397 perierunt¹),
652 3316 766 3391 eliqnss
776 3334 810 3375 ex
821 3320 906 3391 perte
916 3332 961 3374 ns·
991 3314 1134 3373 adversus
1150 3329 1290 3390 pagnuos.
1318 3312 1357 3370 Et
1370 3310 1444 3387 quie
1457 3328 1565 3387 perum
1579 3328 1633 3369 uo·

321 3404 453 3464 seruerit
477 3402 672 3465 Eusebius
696 3406 730 3467 H.
748 3406 780 3464 Ε.
799 3405 847 3477 Vl,
865 3416 905 3467 40
922 3422 953 3464 ss
991 3407 1120 3463 atr-nrum
1136 3402 1280 3477 uttigerat
1295 3402 1460 3471 literarum,
1483 3400 1579 3477 mngis
1595 3399 1632 3457 il-

321 3498 351 3553 et
366 3492 423 3553 VII
439 3493 556 3569 passim.
587 3494 622 3551 In
638 3495 756 3569 epistola
772 3494 961 3553 conculcasti
991 3493 1088 3551 lorum
1113 3492 1269 3549 destruere
1294 3490 1403 3565 potuit,
1426 3507 1517 3564 quem
1532 3492 1635 3549 nostre

321 3582 492 3651 husitidem,
517 3599 563 3656 ep.
580 3584 847 3659 pentapolitanum,
873 3602 962 3659 quern
990 3582 1116 3639 firmare.
1148 3579 1231 3637 Unde
1246 3582 1278 3637 et
1294 3579 1330 3638 de
1346 3579 1457 3637 diuinis
1472 3577 1634 3653 repromis-

321 3674 382 3731 t'ere
397 3672 543 3747 integram
559 3672 753 3747 possidemus,
763 3673 861 3749 tungit
874 3690 963 3747 quee-
992 3670 1128 3729 siouibus
1143 3668 1286 3727 edversus
1301 3669 1371 3745 illos
1385 3684 1477 3743 egens
1491 3668 1547 3725 nili
1557 3667 1632 3725 setis

321 3762 389 3820 dem
420 3760 595 3835 disciplinae
619 3762 834 3821 ecclesiastices
858 3761 963 3835 eapite.
991 3764 1021 3819 et
1038 3775 1146 3829 cresso,
1163 3759 1200 3816 ut
1215 3758 1260 3817 ite
1275 3757 1409 3825 dixerim,
1427 3773 1518 3815 seusu
1537 3756 1632 3814 disse·

322 3850 393 3909 Eam
419 3850 539 3908 exhibet
563 3850 653 3909 etism
677 3852 802 3910 Itouth
825 3850 857 3909 in
872 3850 926 3913 rel.
941 3867 963 3912 s.
990 3849 1065 3917 ruit,
1081 3848 1143 3907 iilis
1160 3850 1322 3924 stuporem,
1345 3845 1432 3905 nobis
1453 3844 1634 3919 desperetis·

322 3938 393 4010 111²,
412 3947 598 4002 219-250.
629 3940 681 4015 Ep.
697 3940 863 4009 cunouicee,
887 3957 963 4015 ques
992 3954 1061 3995 nem
1082 3936 1243 4009 incutiens,
1266 3935 1486 3993 Tertullianum
1508 3936 1540 3991 et
1561 3933 1633 3991 lae·

321 4028 524 4089 determinent
539 4028 752 4105 poenitentium
768 4027 963 4105 epeccetori·
991 4026 1122 4085 tentium
1152 4028 1185 4083 et
1206 4025 1327 4101 Pupium
1351 4027 1487 4083 suctores
1511 4025 1634 4081 secutus

322 4117 378 4176 bus
399 4114 554 4193 sgendsm,
573 4116 735 4193 perierunt,
753 4118 833 4177 sicut
848 4118 878 4175 et
901 4118 963 4192 epi·
992 4116 1133 4175 moralem
1163 4132 1233 4173 sene
1263 4114 1430 4171 doctrinam
1454 4115 1486 4171 et
1509 4112 1635 4171 mnrime

323 4208 416 4265 stoice
443 4204 563 4265 testnles
588 4224 642 4265 sen
666 4208 829 4282 paschales,
853 4206 963 4282 quibus
992 4201 1635 4279 voluntariaepnupertutissmoremoptime

322 4296 443 4363 indicet,
454 4312 514 4369 qno
533 4294 582 4353 die
588 4296 737 4371 jejunium
758 4296 964 4372 nntepnschele

323 4386 363 4443 sit
378 4382 588 4459 inchoandum,
615 4402 675 4461 quo
700 4385 749 4444 die
765 4386 873 4462 psacha
888 4386 964 4443 cele·

323 4473 480 4534 brendunr.
504 4472 617 4533 Dubius
633 4474 819 4534 auctoritatis
835 4476 882 4531 est
904 4422 980 4548 epi-i
1030 4471 1037 4502 ¹

322 4560 964 4663 mammpaulumfflmmmmfin'
994 4626 1014 4659 s.
1022 4604 1163 4673 Dionysii.
1177 4606 1219 4660 Cf.
1229 4605 1346 4674 insuper
1360 4600 1635 4655 Burdenbewer

323 4652 452 4712 tiochiae
483 4651 654 4727 episcopum
681 4670 748 4711 011OE
773 4669 965 4728 10³P⁰¹¹⁸1⁰¹¹⁸
993 4685 1070 4744 540:
1084 4677 1134 4729 Ha
1170 4692 1298 4730 cmcnn
1313 4675 1365 4727 Die
1378 4672 1517 4728 romische
1530 4671 1634 4726 Kirche

324 4742 360 4801 sd
375 4739 512 4819 ejusdem
529 4760 577 4817 qq.
587 4742 620 4803 X.
637 4741 833 4804 incollconc.
847 4740 965 4798 Manui
993 4750 1053 4801 und
1064 4748 1112 4801 ihr
1121 4747 1304 4801 ihuflussnut'
1309 4744 1448 4815 Discipliu
1456 4744 1516 4796 und
1525 4742 1636 4812 Dogmu

977 4820 1023 4873 ¹‘n
1050 4821 1105 4873 deu
1131 4823 1226 4872 ersten
1248 4826 1265 4874 3
1284 4817 1383 4873 Juhrh.
1403 4814 1543 4883 Freiburg
1568 4818 1637 4870 1864

995 4897 1176 4962 p.4ll—3·2;
1203 4890 1378 4942 Foerster
1400 4888 1434 4940 de
1455 4886 1586 4938 doctrine
1607 4889 1637 4938 et

1041 4470 1050 4532 1
1064 4463 1156 4515 hlultc
1169 4465 1315 4532 practerea
1328 4462 1363 4514 de
1377 4478 1410 4515 eo
1424 4458 1512 4513 habet
1521 4459 1551 4511 in
1562 4475 1635 4513 com-

993 4534 1133 4589 ment-irio
1156 4534 1310 4605 praemisso
1333 4533 1367 4585 de
1390 4530 1450 4585 vitu
1472 4535 1500 4581 ct
1522 4528 1635 4598 scriptis

365 4968 381 5037 ¹)
390 4964 666 5034 Omnium,qunrum
676 4962 830 5033 vestigium
840 4964 883 5017 vel
893 4962 966 5033 frng-
995 4961 1145 5017 sententiis
1166 4959 1296 5028 Dionysii
1311 4959 1348 5012 M.
1370 4960 1447 5083 iim
1461 4958 1570 5024 inaug-l
1586 4956 1634 5008 Be-

325 5039 421 5089 ments
452 5054 486 5090 su
508 5039 615 5101 ersunt,
642 5037 793 5091 elenchum
813 5034 968 5103 diligenter
993 5034 1079 5090 rolini
1096 5037 1172 5089 ress.
1187 5032 1357 5085 Dittrich
1396 5029 1564 5097 ionysiusd.
1579 5029 1635 5091 or,

325 5110 453 5163 recenset
504 5114 643 5179 rigere¹
656 5116 731 5165 6311.
745 5114 769 5163 4.
995 5106 1137 5175 Freiburg
1153 5106 1235 5162 lustr
1262 5104 1310 5155 He
1320 5102 1437 5157 runcis
1453 5103 1471 5163 Ι,
1484 5102 1635 5156 toll-427.
