4117 5842
314 592 376 647 393
507 595 510 599 ·
763 574 1120 630 ··Joauneacasaianua.
1281 620 1283 625 .
1398 606 1418 627 ν,
1559 596 1624 649 394

312 760 430 838 tirnque
452 761 545 821 ierit‘
560 766 619 822 eto.
649 761 708 822 Sed
728 760 807 820 nihil
828 762 958 838 mplius
985 760 1115 826 centiid.
1132 763 1281 822 4444414444
1295 760 1625 843 iinplomturus.(405).

312 854 462 928 superest.
492 850 690 915 4144444444
708 860 785 914 464,
825 877 827 884 ·
903 872 908 885 ’
950 854 953 857 ’
986 850 1115 911 Indein
1130 851 1254 913 Galliam
1277 853 1402 917 transiit
1415 854 1505 927 atque
1520 853 1625 912 Massi·

581 961 585 973 ·
696 950 704 988 i
813 985 815 988 -
899 944 902 948 ’
985 939 1044 999 liae
1059 939 1204 1011 substitit,
1220 941 1275 1001 uhi
1290 936 1530 1023 (sinonltomae)
1543 960 1626 1019 prea-

360 1038 433 1093 249.
456 1030 493 1088 In
514 1028 958 1106 occidenaepracterca-
985 1029 1138 1107 bytereat
1153 1029 1319 1093 ordinaturi
1348 1030 1489 1089 Condidit
1505 1029 1626 1091 hicduo

312 1118 491 1195 praelum
513 1118 685 1195 episcopum
700 1117 958 1196 carthaginensem
984 1119 1012 1178 i:
1021 1136 1048 1185 e.
1061 1118 1195 1179 uirorum
1211 1121 1243 1177 et
1264 1120 1424 1179 mulierum
1439 1121 1626 1179 monasteris

311 1203 345 1289 (t
358 1211 429 1267 aute
444 1225 469 1266 4.
486 1204 575 1289 439),
599 1208 866 1285 cujussupersuut
881 1205 957 1265 duae
985 1208 1035 1266 llli
1052 1206 1355 1285 ipsepreefuit'atque
1371 1210 1408 1269 ad
1424 1211 1543 1268 tautum
1560 1226 1626 1285 per·

312 1298 450 1373 epistola
471 1293 546 1375 (uria
566 1296 605 1355 ad
626 1299 708 1357 eouc'.
730 1296 906 1374 ephesinum
922 1294 959 1354 de
986 1296 1073 1355 duxit
1088 1297 1198 1369 florem,
1217 1300 1253 1356 ut
1268 1296 1306 1357 ad
1320 1296 1455 1375 quinque
1469 1298 1627 1357 monacho-

315 1385 573 1446 uuachriatireri
582 1386 636 1446 Dei
649 1390 681 1446 st
695 1385 960 1461 homiuiapersona
987 1405 1054 1444 rum
1085 1386 1182 1445 millia
1205 1386 1319 1446 rexisse
1349 1387 1478 1447 feratur·
1512 1386 1628 1446 Obiisse

313 1475 502 1535 Gallaudi
531 1476 582 1549 114,
607 1474 692 1546 'roa
723 1476 851 1552 iligna
881 1472 958 1544 IrIII,
987 1474 1147 1551 conjicitur
1168 1474 1245 1534 circa
1268 1494 1293 1536 a.
1310 1486 1372 1540 435
1390 1474 1488 1553 (juata
1506 1476 1583 1535 alios
1603 1475 1627 1535 a.

317 1574 381 1629 444
393 1558 510 1647 -444)
527 1569 559 1623 at
572 1562 959 1625 tomeremominter
987 1572 1061 1633 444,
1077 1564 1126 1623 vel
1142 1574 1205 1628 444
1223 1564 1271 1625 444
1286 1562 1364 1648 444)
1380 1569 1436 1630 erc.

314 1672 467 1713 sermones
496 1674 520 1715 4.
550 1654 717 1729 Augustini
746 1644 958 1732 4444444441)
989 1687 996 1691 -

312 1742 529 1803 incarnationis
537 1743 716 1819 mysterium
731 1741 877 1819 exposuit,
893 1740 959 1798 vin·
1035 1750 1108 1805 220.
1123 1742 1257 1820 Rogante
1273 1744 1392 1803 Oratore
1415 1740 1553 1820 episcopi>
1573 1762 1628 1821 ap·

311 1833 427 1892 4444444
441 1831 669 1907 illustravitque
677 1833 808 1892 ,1444444
816 1829 959 1899 Cassia·
987 1830 1068 1889 tensi
1084 1830 1204 1908 scripsit
1218 1832 1300 1891 intre
1322 1852 1347 1896 a.
1364 1842 1538 1896 419-428
1557 1850 1628 1901 ,ex-

312 1939 404 1991 nus,
434 1922 522 1997 cujus
546 1921 667 1981 illustre
690 1940 798 1981 nomen
822 1919 882 1979 fuit
906 1935 960 1995 per
986 1920 1134 1996 parientia
1149 1922 1354 1997 magistrante,
1369 1921 1522 1998 utinquit
1538 1921 1629 1981 (444·

314 2010 452 2069 Galliam.
483 2010 613 2078 Natione
628 2010 689 2069 fuit
703 2010 825 2087 Scytha,
844 2006 959 2067 4444144
987 2008 1129 2068 nudi-us
1146 2028 1169 2068 r.
1188 2020 1239 2081 61,
1264 2010 1372 2071 librato
1386 2028 1521 2071 sermone
1533 2014 1576 2075 et,
1593 2013 1629 2069 ut

314 2099 426 2158 Genu
436 2098 525 2159 adio
541 2094 645 2177 (461),
661 2099 715 2176 qui
725 2095 959 2159 hacinretestis
987 2098 1121 2174 apertius
1136 2098 1239 2169 dicam,
1257 2116 1355 2159 vsensu
1370 2099 1460 2159 rerba
1475 2100 1629 2159 inveniens

312 2187 437 2248 ridetur
451 2187 509 2247 fide
525 2183 676 2271 dignus2),
697 2189 786 2265 juxte
800 2187 875 2247 alius
891 2185 959 2245 sal-
987 2189 1019 2245 et
1034 2187 1159 2246 ⁴actione
1180 2187 1316 2267 linguam
1339 2206 1471 2259 morans,
1494 2206 1542 2247 res
1566 2206 1630 2247 om·

314 2278 372 2348 lna,
389 2296 419 2335 n.
435 2277 516 2339 inter
533 2286 695 2342 350-60.
726 2277 781 2337 Vix
799 2273 960 2353 pueritiam
987 2275 1072 2335 nium
1095 2278 1307 2337 monachorum
1330 2276 1506 2353 professioni
1526 2294 1629 2337 44444-

312 2385 455 2425 emeusus
469 2366 686 2426 monasterium
700 2364 886 2427 Bethlehemi
906 2380 959 2438 pe·
989 2364 1114 2436 sarias‘,
1133 2365 1202 2427 4441.
1222 2367 1257 2426 de
1278 2368 1419 2427 4444444144
1433 2365 1631 2425 coenobiorum

312 2454 375 2525 tiit,
401 2455 454 2515 ubi
476 2454 531 2514 diu
545 2454 731 2516 familiariter
746 2474 814 2515 curn
831 2452 960 2530 quodem
988 2456 1018 2513 li.
1034 2453 1109 2530 XII,
1136 2454 1169 2513 in
1193 2454 1304 2531 quibus
1328 2455 1459 2532 primum
1484 2454 1547 2532 agit
1572 2455 1631 2526 ,de

315 2544 465 2603 Germano
475 2547 670 2605 conversatus
683 2545 718 2604 in
730 2545 781 2603 cia
790 2540 960 2603 sanctitatis
988 2543 1096 2603 habitu
1108 2546 1142 2602 et
1157 2543 1193 2603 de
1208 2544 1352 2604 canonico
1362 2545 1530 2605 orationum
1539 2546 1631 2621 atque

315 2637 348 2693 44
369 2633 403 2695 iu
426 2632 523 2693 literis
541 2634 706 2709 plurimum
720 2633 861 2709 proiecit.
887 2628 962 2689 Inde
987 2632 1172 2709 psalmorum
1187 2632 1283 2705 medo,
1308 2633 1417 2710 quiin
1439 2633 1630 2693 monasteriis

313 2722 395 2781 circa
411 2730 475 2785 390
492 2740 561 2781 cum
575 2723 670 2784 amico
686 2741 741 2783 suc
757 2722 877 2798 majoris
892 2737 961 2795 per·
990 2722 1123 2799 Aegypti
1145 2721 1194 2781 die
1208 2725 1360 2799 noctuque
1375 2724 1517 2781 tenetur‘
1534 2722 1632 2797 deque

315 2811 455 2871 fectionis
464 2811 612 2873 desiderio
626 2815 766 2871 aestuans
779 2812 827 2870 his
843 2810 960 2869 saucto-
989 2808 1178 2886 ausceptione
1188 2810 1370 2871 novitiorum
1381 2806 1427 2893 (11.
1442 2806 1546 2891 1-4),
1560 2810 1631 2877 dein

315 2919 386 2959 rum
408 2899 600 2960 eremitarum
621 2902 798 2978 praecipuos
819 2899 854 2958 in
877 2896 960 2957 abdi·
990 2897 1035 2979 (11,
1053 2895 1630 2981 5-12)monachos'instituitadoei-

314 2988 445 3048 tiaaimis
470 2990 562 3048 etium
585 2990 717 3067 Aegypti
741 2988 867 3049 desertis
892 2986 961 3045 lati·
989 2992 1091 3047 tamen
1116 2988 1274 3063 spirituale
1298 2988 1442 3048 adversus
1466 2989 1533 3047 octo
1558 2988 1633 3048 44444

315 3082 419 3137 mutas
456 3077 566 3139 inrisit
602 3083 693 3156 atque
724 3076 962 3155 praeclarissima
988 3076 1160 3153 principilia
1174 3095 1229 3138 seu
1243 3072 1632 3155 capitalia1).-Hocopus

315 3167 470 3226 virtutum
500 3168 678 3230 (1444444444
708 3167 847 3244 collegit,
885 3182 962 3240 quae
989 3166 1145 3243 excipiunt
1172 3166 1344 3227 0411444444
1370 3166 1490 3243 XXIV,
1520 3166 1631 3242 prioris

316 3256 428 3315 deinde
443 3255 541 3314 literis
557 3257 753 3334 consignavit,
778 3255 859 3315 uude
881 3254 963 3313 inter
990 3256 1089 3331 operis
1114 3255 1419 3316 veluti-'continuatio
1448 3259 1479 3315 44
1504 3255 1632 3333 comple·

315 3348 434 3405 ascetae
451 3343 620 3405 immortale
636 3345 696 3405 sihi
711 3346 829 3422 peperit
844 3360 962 3403 nomeu.
991 3349 1135 3407 mentum.
1166 3344 1293 3404 Exhibet
1306 3344 1386 3405 enim
1401 3346 1433 3404 iu
1450 3345 1512 3405 illis
1528 3362 1632 3405 eorum

316 3433 564 3511 Peregrinatione
587 3435 677 3513 longa
706 3453 761 3511 per
784 3452 877 3493 annos
900 3431 962 3490 fere
991 3433 1078 3509 quasi
1100 3433 1272 3504 medullam,
1298 3452 1375 3510 quae
1396 3452 1464 3494 eum
1487 3434 1633 3493 Germano

314 3523 421 3582 decem
437 3521 567 3582 feliciter
580 3527 699 3601 peracta
713 3523 962 3597 Constantinopo·
990 3522 1147 3582 individuo
1157 3522 1312 3601 religiosae
1327 3524 1521 3600 professionis
1537 3522 1633 3583 sodali

316 3612 372 3671 lim
381 3611 475 3683 venit,
490 3611 546 3671 ubi
554 3612 680 3691 gratiam
691 3614 723 3671 et
729 3610 963 3687 familiaritatem
991 3611 1167 3688 itinerisque
1191 3612 1271 3672 socio
1295 3612 1441 3672 fidissimo
1470 3613 1540 3672 riva
1563 3630 1634 3671 4444

316 3701 377 3761 sibi
392 3700 565 3760 conciliarit
579 3720 603 3761 s.
612 3700 738 3761 ioannis
748 3697 962 3778 chrysostomi,
991 3701 1116 3760 edoctus
1142 3720 1159 3759 a
1183 3701 1383 3762 celeberrimis
1408 3702 1538 3780 Aegypti
1564 3720 1634 3761 ana·

316 3791 373 3866 qui
395 3790 497 3866 ipsum
519 3790 678 3850 diaconum
701 3790 858 3854 ordinarit,
892 3788 964 3847 Oria
991 3790 1120 3849 choretis
1137 3789 1289 3864 didicerat,
1306 3809 1399 3866 caque
1415 3792 1452 3865 ad
1467 3791 1632 3868 proiectum

317 3880 351 3937 in
360 3897 386 3943 s.
395 3878 564 3955 praesulem
574 3882 753 3956 tempestate
762 3879 882 3938 uomina
892 3876 963 3937 oleri
990 3879 1143 3955 pertinent
1172 3880 1266 3957 magis
1296 3880 1449 3939 internum
1478 3879 1633 3956 cordisque

316 3967 637 4044 constantinopolitani
645 3969 767 4029 Romam
783 3967 859 4028 abiit
873 3968 963 4027 Inno-
990 3968 1211 4045 perfectionem.
1228 3968 1392 4046 Utrumque
1402 3986 1486 4044 opus,
1503 3968 1634 4045 sedprae

318 4090 481 4100 —-—
991 4057 1098 4134 primis
1114 4058 1307 4118 hocalterum
1323 4078 1340 4117 a
1354 4057 1573 4135 probatissimis
1589 4057 1634 4117 ri·

358 4142 376 4202 'l
391 4137 435 4192 Cf·
447 4136 596 4193 1111111411
608 4137 665 4191 ΚΒ·
679 4139 727 4203 Π’,
743 4144 821 4196 1925.
990 4151 1040 4205 tae
1063 4146 1207 4206 asceticae
1229 4147 1381 4225 magistris
1405 4165 1493 4223 quam
1510 4146 1634 4206 maxime

318 4206 964 4349 Lam-&fffglfihhaffiigetffgtuffiffgfflfffffi
991 4234 1143 4295 tironibus
1159 4236 1219 4295 fuit
1228 4235 1474 4305 commendatum,
1491 4237 1522 4295 et
1538 4234 1634 4295 medio

317 4351 417 4406 ,eden
431 4350 534 4406 Mefk
541 4352 572 4406 10
585 4351 624 4408 ib·
638 4360 779 4409 419,442
799 4350 905 4405 ,patuit
915 4367 964 4403 gn,
992 4344 1066 4384 aevo
1092 4344 1109 4383 4
1133 4325 1280 4402 religiosis
1306 4324 1426 4387 assidue
1450 4324 1632 4384 lectitatum:

317 4422 466 4478 tithesim:
497 4422 614 4477 Cassian
636 4424 706 4478 hein
731 4425 824 4492 syren
846 4438 911 4477 cnm
936 4424 966 4475 et
992 4414 1046 4473 sed
1062 4414 1224 4473 dolendum
1239 4414 1315 4473 illud
1332 4412 1632 4490 semipelagianorum

319 4493 519 4575 mimium
533 4493 720 4577 Gepffldfiin
733 4494 855 4550 dubium
867 4492 966 4547 11111111
992 4503 1144 4562 erroribus
1164 4502 1252 4573 infici,
1277 4520 1404 4578 quorum
1426 4502 1553 4579 vestigia
1570 4503 1633 4577 jam

320 4568 419 4635 possit,
433 4582 501 4619 nam
513 4565 600 4621 lectio
609 4568 742 4635 ,scytha¹·
757 4582 816 4620 non
829 4567 874 4619 eet
885 4566 966 4617 extra

319 4634 965 4706 controversiamaliisqueexrstiouihus.Dise.
991 4642 1152 4652 ’-

319 4709 537 4763 conclusisset:
556 4708 793 4763 liuserllesultat
810 4708 882 4762 14444
904 4706 965 4761 sich
1031 4710 1051 4779 1)
1065 4706 1107 4761 Ex
1131 4706 1363 4778 prioribus411.
1383 4706 1529 4777 epitomen
1547 4704 1635 4761 unico

322 4778 354 4833 in
372 4780 420 4834 die
432 4779 534 4834 Worte
552 4780 829 4835 zusammeniasaen:
848 4778 965 4833 Cassian
993 4778 1140 4834 volumine
1153 4776 1560 4849 composueratEuchcrius
1572 4778 1633 4849 lug-

322 4854 439 4907 44444444
450 4850 544 4906 4441444
563 4851 646 4905 nicht
657 4867 710 4905 aus
723 4850 834 4921 Syrien,
846 4850 966 4903 44144444-
993 4848 1138 4913 dunensis,
1151 4866 1225 4917 quac
1239 4848 1269 4903 in
1283 4866 1417 4921 graecum
1425 4848 1634 4906 fuitconrerse.

320 4920 379 4975 lich
391 4938 445 4976 ana
458 4922 635 5047 salgatum.
653 4923 757 4978 htchat
775 4922 966 4976 4444444444-
993 4920 1064 4975 llam
1084 4920 1242 4975 versionem
1262 4936 1326 4976 cum
1346 4920 1582 5003 interpretatione
1596 4921 1634 4975 la-

321 4991 380 5047 lich
392 5010 447 5048 aua
458 4994 511 5047 der
544 4994 714 5048 obrudacha.
726 4993 781 5048 Pro
789 4992 968 5047 Galliaetant
993 4992 1057 5046 tina
1076 4992 1326 5047 Montfeucou
1351 4992 1443 5047 edidit
1468 4995 1543 5047 mter
1567 5010 1634 5065 opp.

323 5063 596 5120 Grutamacher
615 5064 793 5134 Rcalencycl.
812 5064 876 5127 111⁸,
897 5069 966 5124 746:
994 5082 1015 5118 s.
1028 5063 1182 5118 Athanasii
1196 5064 1244 5128 Ill,
1264 5070 1316 5121 366
1330 5082 1378 5125 44.;
1400 5081 1505 5120 norem
1526 5065 1570 5119 ed.
1590 5081 1636 5119 ex-

324 5134 966 5208 Petachenniginprol.ed.anaeIVetc.
994 5128 1330 5200 hibetWotlre,Wicir
1346 5142 1422 5193 1898.
