4117 5842
1019 1843 1154 1942 XIX.

626 2022 912 2161 ,scriptores
945 2022 1271 2135 ecclesiastici
1296 2024 1454 2135 seculi
1478 2025 1560 2136 lli.

768 2219 879 2317 Pars
912 2219 1059 2317 altere
1082 2224 1437 2341 (1051-1073).

485 2627 557 2680 554.
581 2617 692 2694 Ingens
716 2617 804 2693 plane
829 2620 876 2676 cst
900 2616 1079 2694 scriptorum
1091 2614 1094 2659 ἵ
1107 2618 1204 2676 cordia
1219 2617 1383 2678 bonitatem
1399 2618 1499 2678 dictus
1514 2619 1625 2688 ‚Bruuo
1635 2619 1750 2682 bonus‘.

436 2723 591 2776 numerus,
615 2705 668 2782 qui
690 2706 855 2765 floruerunt
874 2706 981 2764 ultima
1002 2708 1079 2764 tem·
1092 2692 1094 2817 A
1107 2705 1127 2764 J
1128 2707 1233 2765 uvenis
1249 2727 1274 2764 a.
1293 2717 1333 2770 24
1349 2708 1460 2767 alectus
1475 2712 1522 2767 est
1536 2709 1672 2767 unanimi
1688 2709 1750 2768 anf-

437 2799 519 2873 poris
535 2795 664 2872 periodo,
688 2813 776 2870 quam
793 2795 849 2854 hoc
870 2797 951 2854 tomo
969 2795 1079 2854 descri-
1107 2796 1191 2872 frago
1214 2797 1373 2872 episcopua
1397 2797 1537 2855 tullensis
1552 2793 1679 2878 (1026),
1702 2798 1751 2856 cui

437 2886 565 2943 bundam
590 2884 759 2953 statuimus,
786 2884 928 2958 illamque
951 2884 982 2942 in
1005 2885 1079 2942 duas
1092 2918 1095 2972 2
1108 2884 1246 2943 electioni
1255 2904 1289 2944 eo
1300 2885 1418 2944 facilius
1428 2886 1564 2958 assensit,
1580 2886 1661 2962 quod
1676 2885 1749 2944 elec·

437 2973 571 3032 dividere
586 2977 685 3049 partes
698 2972 821 3049 jurarit,
843 2992 881 3032 ns
900 2973 1079 3048 scriptorum
1093 2975 1095 3067 l
1107 2974 1151 3032 tio
1166 2977 1245 3032 osset
1254 2974 1403 3045 canonica,
1419 2975 1541 3034 ecclesia
1550 2993 1619 3034 vero
1629 2995 1750 3052 pauper.

438 3062 635 3122 multitudine
659 3061 829 3124 obruamur.
870 3062 966 3120 Priori
995 3064 1080 3138 parte
1093 3070 1095 3123 t
1108 3063 1216 3138 Magna
1229 3063 1386 3122 fruebatur
1400 3065 1496 3141 gratia
1518 3063 1557 3123 ob
1578 3083 1662 3123 suam
1680 3083 1751 3141 pru-

438 3151 645 3211 exbibebimus
662 3151 820 3228 scriptores
838 3150 890 3226 qui
906 3151 1081 3228 scripserint
1094 3130 1096 3167 ¹
1108 3151 1240 3210 dentiam
1256 3152 1287 3210 iu
1302 3153 1371 3212 aula
1385 3155 1446 3211 tam
1456 3170 1590 3212 moseres
1598 3171 1691 3228 quam
1705 3173 1751 3212 rc·

438 3259 536 3316 usque
565 3240 603 3298 ad
634 3239 810 3299 electionem
841 3240 976 3318 Gregorii
1006 3239 1079 3309 VII„
1094 3241 1160 3316 .gia
1175 3241 1294 3299 Galliac.
1328 3241 1474 3300 Defuncto
1489 3242 1615 3301 Damaso
1630 3241 1661 3300 II
1676 3260 1750 3318 pon·

438 3329 540 3407 magni
565 3329 650 3388 illius
675 3328 833 3403 pontilicis,
858 3330 911 3405 qui
933 3329 1081 3389 Ecclesiae
1109 3329 1188 3388 tificc
1206 3341 1233 3392 9.
1244 3331 1321 3406 Aug.
1335 3341 1418 3393 1048
1435 3331 1466 3388 in
1482 3330 1613 3390 comitiis
1624 3347 1751 3390 worma·

438 3420 542 3478 faciem
557 3437 626 3478 rere
640 3418 835 3489 restauravit3
852 3419 944 3477 altera
958 3435 1081 3496 agemus
1107 3418 1254 3478 tiensibus
1270 3419 1479 3494 praesentibus
1494 3420 1695 3479 Romanorum
1710 3421 1752 3480 le·

439 3508 476 3566 de
495 3508 541 3578 iis,
565 3508 618 3584 qui
640 3506 676 3565 ab
700 3506 781 3566 illius
796 3508 945 3584 pontificia
961 3507 1081 3566 exordio
1110 3507 1188 3585 gatis
1204 3508 1241 3566 ab
1260 3507 1438 3582 imperatore
1453 3512 1544 3584 atquc
1559 3509 1752 3586 magnatibus

438 3597 578 3672 deinceps
602 3597 768 3655 floruerunt
797 3595 834 3654 ad
859 3614 881 3658 e.
906 3597 1081 3655 Ausslmum
1108 3600 1227 3673 praeter
1236 3613 1321 3656 suam
1331 3598 1581 3672 exspectationem
1595 3603 1627 3656 et
1635 3598 1751 3657 invitus

439 3703 545 3761 usque,
569 3705 585 3743 a
605 3705 664 3762 quo
680 3704 788 3744 novam
803 3685 969 3763 theologiae
984 3703 1081 3744 acram
1112 3686 1286 3762 designatus
1296 3689 1342 3744 eat
1351 3687 1433 3745 illius
1444 3704 1607 3761 successor,
1617 3688 1666 3746 cui
1676 3688 1751 3747 elec·

437 3773 638 3849 auspicamur.
1110 3775 1186 3834 tioni
1202 3775 1324 3834 nonnisi
1338 3779 1408 3850 poat
1426 3775 1561 3835 triduum
1577 3775 1633 3835 sub
1648 3777 1750 3835 condi·

1109 3864 1191 3924 tione
1207 3881 1369 3923 consensus
1385 3865 1456 3922 cleri
1465 3864 1628 3940 populique
1636 3867 1750 3924 romani

488 3961 558 4016 555.
574 3951 682 4028 Incipit
697 3952 805 4012 iterum
816 3953 1019 4030 splendescere
1034 3970 1081 4011 ro·
1109 3954 1208 4015 cessit.
1248 3953 1401 4030 Peregrini
1426 3954 1534 4012 habitu
1557 3953 1681 4012 Romam
1706 3957 1751 4012 est

440 4061 543 4100 manac
559 4041 638 4100 sedis
660 4042 806 4117 primatus
822 4042 959 4100 nonnihil
975 4042 1082 4102 obseu·
1110 4041 1259 4118 profectus
1282 4061 1456 4118 summoque
1481 4061 1628 4101 consensu
1653 4063 1669 4101 a
1694 4043 1749 4101 Ro·

439 4133 524 4190 ratus
534 4131 903 4207 quorundampraesulum
920 4132 982 4192 vila
996 4133 1082 4190 tanto
1109 4131 1206 4189 mania
1222 4131 1254 4190 in
1270 4131 1438 4207 pontificem
1455 4139 1593 4207 receptus
1608 4142 1657 4194 12.
1667 4132 1751 4190 Febr.

440 4219 547 4278 honori
563 4222 594 4278 et
608 4219 725 4278 muneri
742 4220 841 4278 minus
857 4221 955 4298 digna,
977 4222 1037 4279 imo
1052 4223 1083 4278 et
1115 4230 1206 4284 1049.
1248 4221 1313 4278 Mox
1337 4222 1401 4278 toto
1426 4223 1534 4279 conatu
1558 4220 1750 4297 impensaque

439 4309 571 4385 indigna.
596 4309 671 4367 Nam
687 4309 788 4368 statim
805 4309 842 4368 ab
857 4309 977 4370 exordio
993 4310 1083 4385 hujus
1111 4309 1313 4368 sollicitudine
1332 4309 1476 4387 cogitavit
1497 4309 1534 4367 de
1556 4310 1751 4369 restauranda

441 4397 554 4475 periodi
570 4399 700 4457 occurrit
719 4398 807 4458 nobis
823 4398 942 4474 praesul
957 4399 1082 4458 sanctis·
1111 4397 1269 4474 disciplina
1293 4399 1492 4457 ecclesiastica
1518 4398 1590 4457 adeo
1615 4398 1749 4475 collapsa,

441 4487 533 4546 simus
548 4487 620 4546 Leo
635 4487 676 4544 lx
697 4484 953 4568 (1048-1054).
985 4487 1082 4546 Natus
1111 4487 1147 4545 dc
1163 4487 1464 4565 suscipiendapugna
1478 4488 1510 4545 in
1526 4487 1631 4562 primis
1647 4487 1750 4546 adver-

440 4579 488 4634 cst
513 4575 622 4646 Bruno,
648 4576 691 4633 ita
716 4579 786 4636 ante
811 4577 1024 4652 appellabatur,
1050 4576 1082 4634 in
1111 4593 1162 4635 sus
1179 4576 1336 4635 simoniam
1352 4583 1442 4653 atquc
1457 4577 1631 4636 elericorum
1647 4577 1750 4635 incon·

441 4665 575 4724 Alsatiae
606 4665 715 4740 oppido
745 4665 897 4744 Egisheim
930 4676 980 4728 21.
1011 4665 1082 4727 Jun.
1109 4665 1277 4728 tinentiam.
1302 4661 1750 4747 Hincplura(ll)habuitcon·

445 4763 528 4818 1002
545 4753 732 4814 nobilissima
749 4755 850 4831 stirpe.
883 4755 961 4813 Puer
976 4755 1082 4814 educa-
1110 4753 1176 4812 cilia
1185 4750 1220 4837 ¹),
1236 4755 1268 4813 in
1284 4755 1394 4830 quibus
1409 4754 1446 4814 <le
1455 4754 1602 4830 episcopis
1611 4754 1749 4831 pluribus

440 4847 492 4902 tus
509 4843 566 4902 suit
582 4843 662 4902 'lulli
678 4842 779 4920 ibique
794 4844 914 4903 videtur
929 4845 1082 4921 professus
1110 4842 1148 4902 ob
1171 4844 1327 4903 simoniam
1346 4843 1502 4920 judicavit,
1526 4842 1643 4916 aliquot
1660 4843 1748 4919 ‹lepo-

441 4933 534 4990 vitam
557 4931 763 4992 monasticam:
796 4933 865 4992 inde
896 4933 1014 4992 transiit
1045 4933 1081 4991 ad

441 5021 541 5078 aulam
565 5020 689 5080 Conradi
713 5023 750 5092 ll,
776 5022 824 5081 cui
849 5021 994 5098 sanguine
1020 5025 1084 5081 erat
1150 5049 1232 5120 1)ςῇ
1264 5050 1299 5102 de
1330 5049 1375 5102 hi„
1406 5047 1522 5117 synodis
1554 5047 1685 5102 pesele
1710 5045 1748 5100 sp

437 5110 574 5184 junctus,
599 5114 720 5185 propter
742 5129 858 5170 morum
875 5111 1030 5170 candorem
1053 5113 1084 5170 et
1111 5127 1190 5187 §539
1204 5139 1239 5174 aa.
