4117 5842
425 571 487 626 311
828 559 979 612 eol-4³1.
991 552 1119 608 Historia
1131 551 1331 608 ecelesiastica.
1671 570 1732 626 312

423 743 472 800 ter
486 739 749 816 Epiphaniam
764 742 796 798 et
810 739 1067 815 Hieronymum
1094 737 1179 798 heret
1193 737 1341 798 Massiuae
1357 757 1455 798 moras
1471 738 1734 804 inuidiaeue

424 829 577 890 mentone
599 829 710 905 dignus
732 831 780 887 est
801 829 969 905 Tyrannius
991 828 1065 887 Rn÷
1095 828 1178 888 obiit.

423 919 534 980 finus
565 918 715 993 quondam
739 917 915 996 Hieronymi
943 917 1066 988 amicus,

426 1007 478 1068 sed
502 1008 572 1067 dein
592 1011 717 1083 propter
730 1006 857 1066 nimium
873 1005 1067 1084 Origeniim-
1146 1015 1216 1068 169.
1230 1006 1326 1065 Multa
1342 1023 1464 1082 prorsus
1480 1025 1496 1065 e
1512 1025 1615 1084 gruem
1638 1007 1671 1066 in
1695 1008 1738 1067 ls-

425 1115 554 1174 pensum
577 1095 709 1156 favorem
736 1095 922 1156 adversarius
946 1095 984 1154 ab
1015 1094 1068 1153 illo
1095 1096 1195 1154 tinum
1216 1095 1382 1158 transtulit.
1413 1095 1460 1154 Ita
1483 1113 1506 1159 e.
1521 1095 1668 1156 Basilii
1691 1115 1737 1155 ra-

426 1186 567 1252 acerrims
586 1186 791 1263 impugnatus.
823 1184 992 1261 Tyrannius
1006 1183 1067 1242 Ru·
1094 1185 1179 1262 polos
1193 1188 1336 1260 utrmque
1352 1179 1738 1266 (ef.p.15³)inunameas

424 1275 506 1336 finus
520 1293 546 1334 o.
562 1295 587 1333 a.
604 1283 666 1338 345
684 1275 733 1334 vel
750 1283 816 1336 346γ
838 1291 929 1350 prope
942 1270 1069 1348 Aquila·
1096 1274 1290 1350 eonjungens‚
1313 1291 1389 1348 quae
1411 1276 1531 1333 constat
1551 1293 1587 1333 er
1607 1293 1656 1351 qq.
1674 1283 1740 1338 203

420 1365 485 1442 jam
508 1366 608 1432 natus,
633 1383 653 1433 a,
674 1362 808 1440 pueritia
830 1363 864 1421 in
886 1361 1068 1422 monasterio
1097 1380 1164 1421 oum
1189 1381 1292 1420 earnm
1314 1363 1574 1438 responsionibus;
1605 1364 1740 1423 homilias

426 1453 605 1529 aquilejensi
619 1452 749 1513 adolevit
760 1452 912 1528 jamtunc
928 1450 1068 1512 s.Hiero·
1096 1451 1229 1528 ejusdem
1268 1450 1352 1522 vm;
1393 1469 1417 1511 s.
1456 1452 1639 1530 Gregorii
1676 1471 1740 1513 naa

426 1561 516 1618 nymo
531 1540 671 1600 familiari
691 1542 816 1618 junctus
832 1540 972 1601 amicitia.
1003 1541 1069 1599 As.
1097 1541 1236 1617 sporacio
1251 1557 1305 1599 seu
1320 1540 1469 1600 orationes
1486 1539 1527 1620 xy
1559 1541 1740 1602 Anatolii

424 1630 593 1690 Chromatio
609 1629 778 1706 baptizatus
793 1636 840 1688 est
859 1648 885 1689 a
903 1639 976 1693 371.
1007 1627 1069 1688 lle·
1097 1630 1740 1706 alex.conommpcscbulcm;s.Pamphili

426 1720 538 1779 leniam
552 1719 674 1779 viduam
688 1716 1069 1780 romauamuobilissimam
1097 1719 1135 1778 li.
1150 1719 1299 1795 apologias
1320 1737 1374 1795 pro
1397 1719 1524 1797 Origene
1548 1719 1568 1778 l.
1583 1721 1606 1778 1.
1623 1715 1673 1801 (cl.
1689 1739 1740 1779 su-

426 1808 519 1872 simul
533 1827 567 1868 sc
581 1809 749 1885 piissimam
764 1808 802 1867 ud
811 1809 875 1867 loca
885 1809 987 1867 saneta
996 1805 1069 1865 Hia-
1097 1827 1152 1885 prs
1166 1827 1194 1884 p.
1214 1805 1276 1885 64),
1294 1808 1344 1880 eui
1358 1808 1466 1885 adjacit
1481 1808 1556 1874 diss.
1569 1810 1604 1868 dc
1627 1809 1739 1868 adseue-

426 1897 586 1974 rosolymie
610 1897 851 1975 peregrinantem
874 1900 922 1956 est
946 1895 1069 1956 eomita-
1097 1899 1211 1956 ratione
1219 1897 1248 1956 ll.
1261 1895 1417 1974 Oripcnis,·
1431 1897 1534 1974 plures
1551 1898 1742 1976 Origeuis

425 1991 487 2059 tus,
519 1986 571 2045 sed
596 1986 736 2062 pluribus
760 1986 847 2045 annis
877 1986 910 2045 in
932 1986 1070 2060 Aegypto
1097 1986 1240 2058 homilias,
1263 1990 1295 2044 et
1316 1990 1338 2044 t
1363 1985 1414 2046 XV
1435 1989 1467 2044 irs
1491 2005 1534 2064 sp.
1557 2006 1580 2046 s.
1597 1987 1686 2046 Pauli
1702 1989 1743 2046 ud

428 2075 523 2134 haesit
553 2075 709 2134 familiaris
739 2075 933 2134 eremitarum
957 2075 1070 2133 deserti
1099 2073 1253 2154 chmnos,
1270 2074 1432 2152 Evagrii
1447 2079 1613 2150 eminutus,
1631 2076 1741 2137 Sexti

427 2159 1069 2246 uitricietdiscipnlasDidymi(ef.pag.l74),
1098 2163 1302 2241 pythagoraei,
1327 2163 1498 2240 philosophi
1521 2164 1653 2243 gentilis,
1676 2183 1741 2225 aaa·

425 2253 639 2330 quomsgistro
647 2253 1070 2331 amorsimbutusestsrgapa·
1098 2255 1209 2329 umas,
1228 2269 1302 2327 quas
1317 2252 1587 2330 latinaversaepro
1599 2253 1677 2313 Sixti
1688 2273 1744 2315 seu

427 2345 490 2401 tres
505 2359 634 2420 groeeos
651 2341 810 2419 origenem
824 2343 981 2418 inprimis.
999 2341 1069 2401 Hie·
1098 2341 1185 2417 Xysti
1202 2360 1294 2418 papae
1310 2345 1341 2402 at
1356 2343 1495 2419 martyris
1512 2343 1671 2403 sententiis
1686 2343 1743 2403 im·

427 2432 607 2507 rosolymam
616 2431 686 2490 dein
695 2449 822 2507 pergens
836 2449 947 2490 moram
958 2431 1071 2491 ibidem
1097 2431 1230 2507 prudens
1240 2430 1421 2502 venditavit,
1438 2431 1650 2493 Clementis
1666 2451 1741 2494 rom,

428 2519 500 2578 iecit
520 2519 812 2598 peregrinationibus
838 2523 941 2578 tamen
966 2521 1000 2579 in
1022 2538 1070 2578 ra·
1098 2520 1305 2597 recognitiones
1319 2523 1350 2578 et
1365 2521 1502 2594 epistolas
1516 2521 1592 2582 duas
1607 2520 1743 2581 adala-

428 2609 535 2686 giones
551 2609 673 2668 dissitas
689 2608 898 2685 interruptam.
913 2610 941 2666 Α
955 2609 1071 2670 Joanne
1098 2608 1206 2667 cubum
1222 2627 1267 2684 ep.
1284 2608 1399 2678 hieros,
1426 2627 1500 2686 quas
1524 2609 1570 2670 ita
1592 2610 1681 2670 nobis
1696 2628 1743 2670 as·

428 2698 563 2773 ejusdem
578 2698 663 2756 urbis
687 2698 827 2775 episeopo
851 2697 1009 2775 presbyter
1024 2701 1072 2756 est
1098 2697 1238 2769 servavit,
1255 2715 1321 2757 eum
1337 2699 1438 2757 textus
1454 2717 1577 2776 graecm
1602 2699 1743 2775 perierit3

429 2786 587 2846 ordinatus
601 2795 746 2852 c.a.390.
763 2787 908 2856 Quoniam
923 2786 1071 2863 reroplus
1098 2785 1154 2848 bb.
1185 2785 1226 2843 IV
1257 2786 1440 2865 Origenis
1475 2789 1542 2872 περὶ
1572 2785 1678 2872 ἀρχῶν
1710 2789 1745 2847 ds

423 2876 509 2953 justo
524 2876 643 2935 favebat
651 2875 775 2953 Origeni
784 2877 932 2954 gradatim
945 2879 1069 2953 mptum
1093 2877 1264 2950 principiis,
1288 2893 1363 2951 quos
1384 2878 1497 2952 pariter
1516 2878 1561 2936 ita
1574 2877 1662 2936 nobis
1680 2895 1743 2938 sar·

426 2968 476 3024 est
499 2964 648 3024 amicitiae
673 2983 741 3023 cum
757 2983 782 3028 s.
797 2964 979 3042 hieronymo
1003 2964 1071 3024 vin·
1100 2964 1192 3036 vaviu
1209 2983 1269 3040 qus
1283 2966 1385 3024 tumen
1401 2965 1538 3024 versione
1550 2985 1677 3044 magnas
1692 2973 1744 3025 ex*

426 3054 532 3112 culum
551 3054 680 3130 litesque
703 3073 764 3112 non
785 3054 887 3113 minus
910 3054 1072 3114 diuturnae
1098 3053 1202 3113 sitavit
1216 3053 1321 3113 turbas
1335 3053 1454 3131 sibique
1470 3054 1615 3114 conscivit
1628 3055 1744 3116 iucom-

428 3161 519 3219 quam
534 3142 658 3202 acerbae
673 3146 746 3202 sunt
756 3145 846 3202 ortae.
861 3143 936 3203 Pace
951 3143 1070 3204 demum
1099 3141 1194 3206 moda.
1217 3141 1293 3201 Nam
1309 3160 1377 3202 eum
1393 3143 1483 3202 multi
1498 3143 1552 3203 hos
1574 3143 1748 3204 lectitarent

428 3232 540 3292 iterum
563 3232 643 3290 inter
667 3249 718 3291 eos
740 3231 884 3291 restituta
899 3232 1024 3292 Rufinus
1040 3231 1072 3291 in
1099 3231 1199 3301 libros,
1209 3231 1311 3307 plures
1327 3232 1487 3292 catholicae
1503 3232 1572 3292 fidei
1586 3233 1688 3293 studio
1699 3233 1747 3292 in·

429 3320 547 3380 Italiam
563 3315 654 3403 (397)
677 3319 769 3394 atque
793 3319 827 3379 in
841 3322 968 3396 patriam
985 3339 1072 3382 suam
1100 3320 1182 3379 sensi
1207 3339 1270 3379 rem
1294 3320 1470 3380 detulerunt
1493 3322 1531 3380 ad
1552 3323 1747 3382 Anastasium

428 3408 527 3468 rediit
557 3411 624 3468 llox
648 3426 718 3468 vero
743 3409 897 3468 recruduit
911 3409 1072 3470 dissidium
1100 3427 1173 3472 rom.
1188 3409 1358 3484 pontificem
1374 3429 1443 3468 eum
1457 3411 1694 3487 interpellantes,
1711 3416 1748 3470 nt

428 3515 517 3575 aegre
532 3498 663 3574 sopitum
680 3497 861 3574 scriptisque
884 3499 975 3558 nimis
998 3499 1072 3558 acri·
1102 3515 1225 3573 serpens
1256 3503 1455 3576 compesceret
1484 3500 1606 3562 malum.
1648 3499 1747 3570 Quare

429 3586 489 3645 bus
504 3587 588 3646 dedit
602 3587 793 3652 occasionem.
809 3587 1010 3648 Barbarorum
1032 3588 1073 3646 ir·
1102 3586 1228 3648 Rufinus
1244 3587 1282 3646 ad
1292 3587 1486 3648 Anmtusium
1494 3588 1579 3648 misit
1587 3588 1747 3665 epistolem

430 3676 572 3750 ruptione
587 3675 620 3734 in
635 3675 737 3751 quiete
752 3675 893 3747 literaria,
911 3695 968 3753 qua
979 3675 1074 3753 Aqui·
1102 3694 1158 3735 seu
1172 3674 1338 3754 apologiam
1344 3671 1368 3758 l)
1387 3677 1569 3753 profidesua
1578 3673 1647 3759 (aa.
1657 3673 1746 3760 400),

430 3764 506 3839 lejae
521 3765 686 3836 fruebatur,
702 3765 841 3824 turbatus
862 3766 926 3825 loca
939 3767 1074 3842 repetere
1103 3818 1262 3827 ,-

431 3856 533 3912 mm
542 3854 695 3931 mgimit’
711 3854 760 3913 ⁸⁰d
771 3853 843 3912 dum
853 3855 1003 3932 ¹⁰¹¹gi⁰¹⁰⁸
1013 3857 1073 3914 ω’
1141 3901 1160 3983 1)
1175 3899 1220 3954 Ab
1232 3898 1286 3953 hac
1309 3899 1501 3971 distinguitur
1521 3901 1692 3971 opusculum
1706 3901 1749 3954 in·

595 4041 601 4053 υ
754 4041 760 4052 .
1057 4041 1063 4053 Ι
1103 3973 1243 4040 scripturn
1263 3973 1339 4026 didas
1351 3975 1449 4053 Rufina·
1461 3970 1602 4066 ΔςΜίςξιθ
1620 3971 1748 4054 rinvlss,

429 4041 1077 4195 rellsertrsrrrrleeiaur
1103 4042 1748 4196 reseraturustrusere..

430 4185 619 4266 conerhorum
632 4200 681 4238 seu
694 4190 828 4260 συναγωγὴ
846 4194 897 4240 τῶν
914 4186 1076 4240 muchium
1104 4189 1197 4240 trinae
1217 4187 1280 4268 tum
1302 4185 1456 4266 historicae
1472 4187 1545 4267 'tum
1566 4185 1748 4268 dogmaticae

430 4255 1076 4399 wewamvggybsygpg
1104 4255 1749 4400 lttldltlttdtltffirltgtl

431 4330 703 4480 ffiheeinianomm
727 4399 806 4469 apud
819 4369 993 4480 ‘lleradleam
1018 4399 1076 4482 epi·
1104 4399 1182 4463 ferri,
1195 4399 1297 4452 saltem
1310 4399 1445 4481 componi
1458 4401 1571 4467 queste*
1587 4398 1676 4481 lotus
1689 4399 1748 4454 fere

430 4485 519 4542 scopi,
545 4487 597 4538 qur
620 4469 724 4524 horum
746 4471 935 4526 conolhorum
956 4473 1021 4525 acta
1045 4488 1077 4524 ru
1104 4471 1195 4525 estde
1208 4469 1748 4541 quaestionibustumabOrrgenetum

432 4559 522 4596 unum
535 4557 641 4613 corpus
653 4540 780 4622 mllegit.
794 4541 820 4596 Is
833 4540 948 4596 nicaeni
959 4541 1078 4596 concilii
1104 4559 1122 4595 a
1143 4541 1247 4596 Rufino
1269 4541 1357 4596 motis
1378 4540 1560 4623 speciemque
1602 4542 1749 4598 alinodiae

431 4613 591 4669 sacerdotes
603 4629 687 4681 quasi
699 4611 785 4666 rudes
801 4627 837 4669 se
849 4612 992 4685 simplices
1004 4613 1078 4668 deri·
1105 4629 1172 4685 prae
1186 4614 1291 4668 refert.
1306 4611 1442 4678 Quamvis
1454 4628 1522 4667 vero
1535 4629 1552 4666 a
1613 4614 1656 4667 rio
1665 4613 1749 4668 hier-

432 4684 490 4748 det,
502 4683 642 4739 nonnulla
664 4683 700 4737 de
712 4682 857 4766 industria
875 4684 1078 4766 praetermisit,
1105 4687 1235 4739 catere
1248 4683 1353 4738 Rufino
1365 4686 1462 4766 nostro
1475 4683 1630 4749 tribuatur,
1642 4683 1675 4738 in
1685 4701 1749 4740 eon-

432 4754 575 4823 quaedam
600 4771 668 4809 varo
693 4757 834 4838 peryertrt
852 4759 883 4810 et
901 4756 1077 4812 immutavit.
1106 4755 1228 4810 uarium
1241 4757 1310 4809 sunt
1323 4754 1421 4810 valida
1441 4758 1748 4840 sane‘ergumenluea

432 4825 1079 4980 semirutarum
1106 4825 1750 4980 reserareturrelisae

433 4968 468 5050 H:
482 4967 514 5022 s.
527 4969 548 5033 l,
561 4976 587 5025 ἃ
613 4968 707 5039 Ipsius
724 4986 845 5052 'quoque
867 4988 941 5040 opus
959 4969 1078 5042 periisse
1106 4971 1197 5053 (fuere
1210 4985 1284 5025 enim
1298 4972 1355 5024 tres
1368 4971 1414 5052 vel
1426 4971 1526 5053 saltem
1537 4969 1749 5052 duohujusno·

436 5038 557 5093 videtur.
582 5039 625 5093 of.
644 5040 814 5096 Batrffol
833 5041 951 5110 Byaant
971 5042 1077 5100 Ztschr.
1106 5059 1192 5123 nuere
1205 5041 1340 5110 aequales
1359 5059 1411 5110 qur
1425 5040 1629 5110 Hierosolyma
1650 5041 1697 5096 vel
1718 5057 1748 5121 m

435 5115 506 5166 1898
516 5110 579 5173 Vll,
593 5117 744 5167 265-284.
1089 5111 1211 5181 ,vicinis
1225 5112 1351 5168 ecelesiis
1365 5113 1562 5187 versabantur)
1582 5111 1749 5183 presbyten,
