4117 5842
899 1863 1059 1962 XVII.

536 2041 815 2178 Scriptores
843 2041 1171 2154 ecclesiastici
1196 2042 1354 2155 seculi
1378 2042 1435 2156 ll.

656 2237 768 2338 Pers
791 2239 938 2336 altore
961 2239 1298 2360 (tm—1000).

372 2646 446 2699 496.
462 2634 566 2711 Neque
582 2635 690 2695 laetior
704 2634 966 2694 fuitaltereseu.X
995 2635 1028 2694 in
1045 2634 1166 2694 Italiam
1190 2639 1237 2695 cst
1260 2637 1430 2708 comitatus,
1454 2637 1508 2696 ubi
1532 2637 1584 2697 illc
1598 2637 1637 2696 ab

323 2743 407 2801 pars:
418 2725 468 2783 rix
477 2723 638 2783 incidimus
648 2723 680 2783 in
690 2724 881 2800 theologusl),
893 2742 965 2800 quo·
994 2725 1121 2801 Huguue
1134 2742 1205 2802 rege
1220 2725 1286 2801 ejus
1299 2725 1388 2784 aliine
1403 2725 1498 2786 fectus
1513 2729 1559 2785 est
1573 2728 1635 2802 epi·
1692 2775 1697 2780 .

323 2833 393 2874 rum
424 2829 533 2872 nomen
562 2817 594 2874 et
623 2813 803 2873 eruditionis
828 2813 906 2872 lama
930 2813 966 2872 od
996 2832 1104 2890 scupus
1119 2814 1303 2887 veronensis,
1319 2816 1350 2872 ct
1367 2813 1405 2872 ab
1419 2813 1474 2873 hac
1488 2814 1637 2892 sedepro·

325 2905 461 2978 posteras
476 2901 669 2979 pervenerint
684 2902 898 2980 generationes.
917 2902 966 2961 In·
994 2905 1095 2962 mutus
1111 2902 1263 2963 adsedem
1279 2903 1558 2979 archiepiscopalem
1572 2923 1636 2962 me·

325 2995 374 3050 ter
388 2990 551 3069 theologos,
573 2992 628 3051 hoo
643 2991 761 3052 nomine
777 3010 845 3050 vere
862 2991 967 3070 dignos
995 2989 1196 3051 diulanensem
1213 3011 1238 3050 a
1256 3001 1329 3056 931.
1354 2992 1431 3052 Huic
1447 2993 1590 3052 successit
1603 2993 1637 3052 in

324 3080 520 3156 praecipuum
544 3081 620 3140 forte
644 3081 808 3157 reperimus
835 3080 966 3140 liethe-
996 3080 1066 3140 sede
1081 3081 1239 3141 veronensi
1255 3080 1525 3140 noeteartherins
1540 3081 1636 3143 inrito

324 3169 434 3239 rium,
452 3169 505 3244 qui
521 3169 966 3230 tamensernmnarumricissi-
996 3169 1124 3248 Hugone
1140 3164 1241 3254 (932)
1273 3169 1346 3229 (inm
1368 3189 1438 3230 vero
1453 3169 1638 3232 Veronenses

323 3257 482 3318 tudinibns
497 3260 529 3317 at
543 3258 691 3335 singulari
713 3258 802 3317 sortis
818 3258 967 3318 instabili-
996 3259 1119 3336 Hugoni
1142 3259 1252 3319 infensi
1266 3259 1425 3319 Amulium
1439 3259 1592 3336 Bajoariae
1607 3265 1639 3320 et

324 3349 388 3406 tate
412 3347 508 3424 magis
533 3350 581 3406 est
601 3347 724 3408 celeber.
755 3347 851 3406 Natus
874 3347 968 3406 estin
996 3348 1163 3408 Corinthiae
1179 3348 1284 3408 ducem
1305 3351 1479 3408 evocassent
1500 3351 1531 3407 et
1556 3349 1637 3408 rani·

325 3435 461 3506 dioecesi,
486 3435 563 3495 forte
587 3436 619 3499 in
643 3437 709 3513 ipsa
730 3435 851 3496 civitate
873 3436 967 3496 leodi·
996 3441 1097 3497 entem
1113 3437 1244 3496 libenter
1257 3437 1452 3514 excepissent,
1468 3437 1557 3514 Hugo
1572 3456 1640 3497 oum

324 3525 391 3585 enei
407 3529 535 3584 exeunte
557 3529 594 3584 ut
615 3525 736 3586 videtur
761 3543 817 3585 sec.
832 3526 881 3598 lx,
897 3526 968 3584 ado·
996 3526 1127 3586 exercitu
1156 3527 1325 3586 accucurrit
1360 3545 1489 3602 eumque
1519 3526 1638 3598 devicit,

325 3615 441 3674 lescens
471 3613 564 3673 ritem
595 3615 744 3690 protessus
776 3615 968 3674 monasticam
997 3615 1171 3675 Batherinm
1187 3620 1307 3692 captum
1322 3617 1431 3692 Papiae
1445 3617 1477 3675 in
1493 3633 1638 3676 carcerem

326 3702 360 3766 Ο.
376 3702 406 3762 S.
421 3704 493 3762 Ben.
510 3703 542 3762 in
558 3703 700 3764 coenobio
716 3703 852 3768 lobiensi.
868 3703 967 3781 lnsig·
997 3699 1236 3788 detrusit(934)‚
1249 3706 1348 3781 inquo
1360 3705 1472 3766 multas
1479 3723 1638 3782 perpessus

325 3793 417 3851 nibus
433 3792 548 3868 ingenii
571 3793 693 3853 talentis
716 3797 839 3852 ornatus
860 3795 891 3854 et
906 3793 968 3852 dis·
997 3797 1043 3853 est
1058 3793 1250 3854 calamitates.
1281 3795 1404 3855 Duobus
1429 3794 1515 3854 annis
1539 3799 1571 3854 et
1592 3794 1638 3854 di·

326 3880 412 3940 cendi
428 3880 531 3940 ardore
546 3881 696 3957 impulsus
719 3881 882 3957 plurimum
900 3899 968 3957 pro·
996 3883 1090 3943 micio
1105 3883 1138 3942 in
1153 3901 1268 3944 carcere
1283 3884 1392 3944 exactis
1408 3884 1638 3944 comnmestre-

326 3970 398 4029 lecit
413 3969 555 4030 inliteris.
571 3969 748 4030 Hilduinnm
756 3971 789 4029 in
798 3971 966 4047 episcopum
997 3973 1134 4049 legatus:
1150 3972 1251 4032 exsilio
1267 3973 1387 4032 solutus
1403 3974 1436 4032 in
1451 3972 1577 4030 Galliam
1594 3990 1639 4030 se-

325 4059 454 4118 electum
462 4059 651 4130 leodiensem,
669 4059 969 4136 sednonpraevalcn-
998 4062 1095 4132 cessit,
1112 4060 1166 4120 nbi
1182 4061 1638 4138 angustiiscusctuspraecepto·

326 4151 387 4208 tem
404 4151 508 4208 contra
524 4149 675 4208 aemulum
692 4167 781 4208 sunm
799 4149 969 4209 Richarium
998 4151 1041 4209 ris
1058 4168 1180 4208 munere
1195 4150 1317 4210 functus
1333 4153 1387 4221 est,
1413 4168 1474 4226 qua
1488 4150 1639 4209 occasione

998 4239 1639 4316 concinnavitgrammaticamsparadorsum

385 4357 402 4426 ι)
417 4351 678 4408 Ρηθωῃῃῑηίωῃ,
692 4371 712 4410 Β,
727 4353 819 4410 Nico
829 4371 908 4410 nem
921 4371 970 4408 na,
998 4325 1087 4411 (,pro
1103 4346 1147 4397 eo,
1163 4327 1243 4402 quod
1264 4329 1315 4403 qni
1332 4329 1440 4388 scholis
1456 4331 1640 4388 assuesceret

326 4424 407 4480 tione
429 4426 632 4488 armenuma
655 4424 748 4495 prima
773 4427 867 4480 aetate
892 4425 970 4480 vitoe
998 4417 1154 4494 puerulus,
1171 4417 1290 4475 dorsum
1305 4416 1638 4494 aflagrisservarepos·

326 4495 623 4577 ³⁸⁰05020d0d5l111112
639 4495 835 4566 P⁰01¹il011l520
846 4513 906 4580 ,Ρθῐ
919 4499 971 4551 Ar·
1000 4505 1562 4583 set‘,Folcninnsingestisubblob.c.
1573 4499 1638 4588 20),

327 4565 461 4633 memm'
474 4566 572 4620 mm
585 4584 734 4650 mmm?
755 4566 903 4650 G¹³³⁰¹²¹¹l
917 4571 971 4622 ew·
999 4615 1075 4672 quae
1091 4595 1189 4672 periit.
1206 4595 1282 4655 Dein
1297 4595 1426 4654 Laubiss
1441 4594 1479 4653 ad
1494 4613 1583 4654 sunm
1594 4614 1640 4655 re·

327 4654 497 4708 praeconem
510 4641 534 4710 (τ
542 4643 613 4710 998),
624 4655 671 4692 cus
680 4639 851 4694 tribuuntur
859 4640 972 4709 aliquot

328 4709 444 4781 scripta,
458 4712 492 4763 ut
503 4713 628 4779 sirimpio
638 4714 827 4766 Armeniorum
839 4715 971 4780 relietum,
1000 4703 1105 4787 ,ΜΨ
1121 4687 1168 4744 ⁰⁸t
1189 4685 1402 4786 Q⁰⁰⁸⁸t⁰rium
1420 4680 1521 4766 (944)·
1537 4685 1640 4785 ,ΗΠΗΟ

328 4781 377 4836 sed
391 4797 424 4835 ca
437 4780 573 4835 videmur
586 4797 646 4836 esee
664 4782 829 4838 recentioris
844 4783 972 4844 Niconis,
985 4818 987 4851 ,
1000 4777 1120 4832 interim
1136 4776 1292 4851 poenitens
1308 4793 1419 4844 eurum,
1444 4792 1520 4849 quse
1535 4793 1567 4832 m
1583 4773 1640 4832 Ra·

328 4851 364 4905 da
377 4869 435 4921 quo
448 4851 524 4906 infra
537 4851 646 4908 rcdibt
658 4869 757 4908 sermo.
772 4853 867 4926 Hujus
880 4856 973 4910 sancti
985 4856 987 4873 '
1001 4863 1131 4922 merium
1147 4866 1257 4940 egerat,
1273 4864 1339 4940 ejus
1362 4862 1484 4921 videndi
1506 4866 1538 4921 gt
1551 4862 1640 4922 resti.

328 4921 973 5065 {3330{ffgllssglffgffJggss-{zgffszn
1000 4953 1108 5012 tuendi
1123 4951 1305 5012 desiderium
1315 4951 1475 5027 aliquoties
1491 4970 1640 5027 expresse·

330 5065 425 5120 rium
447 5069 490 5128 27,
503 5065 578 5120 ΝΜ,
598 5066 973 5140 etMignoP.G.cxl11‚
1001 5044 1058 5111 rat,
1083 5042 1152 5101 hinc
1174 5042 1226 5099 ille
1251 5043 1407 5119 Hugonem
1437 5043 1640 5142 conventurus

330 5141 480 5196 975-988.
1001 5129 1124 5189 Lanbiis
1140 5130 1285 5202 discessit,
1301 5130 1354 5190 sed
1364 5130 1473 5189 incidit
1486 5130 1519 5188 in
1533 5131 1642 5189 itinere

1426 5231 1472 5287 29·
