4117 5842
1637 582 1678 640 xl

369 764 503 821 nostram
518 761 654 839 fugerint
669 760 880 829 attentionem
897 759 1150 821 desiderabuutur
1165 780 1254 838 opera
1269 762 1307 821 ab
1322 761 1384 820 illis
1393 761 1552 833 elaborata,
1563 760 1678 821 anobis

369 886 439 927 vero
455 868 682 945 praetermissa;
702 867 852 944 judicium
874 867 910 927 de
933 885 1036 927 eorum
1051 868 1149 944 pretio
1173 886 1235 927 nou
1249 868 1387 930 omnibus
1404 867 1589 944 probabitur,
1606 869 1678 944 quia

368 974 468 1035 minue
491 973 659 1034 fundatum.
689 974 825 1033 Ceterum
851 992 918 1031 oum
943 972 1121 1049 plerumque
1144 972 1233 1032 bonis
1261 973 1310 1032 uei
1341 974 1435 1033 aimus
1459 972 1602 1045 fontibus,
1625 969 1679 1047 qui

368 1081 470 1138 nostra
485 1079 581 1139 adhuc
596 1082 693 1139 aetate
709 1078 789 1156 apud
805 1078 885 1137 viros
900 1077 1061 1137 admodum
1077 1078 1195 1137 criticos
1218 1078 1318 1155 magni
1339 1080 1411 1139 sunt
1432 1078 1465 1138 in
1487 1078 1593 1156 pretio,
1617 1095 1678 1136 nou

368 1187 565 1263 assequimur,
581 1187 729 1264 quomodo
745 1185 961 1265 generatim
977 1203 1054 1261 quae
1068 1203 1103 1243 ex
1119 1184 1181 1243 illia
1197 1184 1326 1244 fideliter
1349 1186 1595 1264 deprompsimus,
1613 1185 1675 1244 uti·

368 1294 455 1354 litate
470 1295 598 1359 careant.
628 1294 836 1355 Necessarium
852 1312 922 1353 vero
938 1293 1024 1353 nobis
1040 1310 1101 1352 non
1116 1292 1245 1364 ridetur,
1267 1296 1303 1353 ut
1324 1294 1423 1353 fontes
1445 1293 1677 1371 protestantium

369 1402 517 1463 catholicis
532 1421 649 1479 semper
663 1404 870 1480 praeferamus,
893 1420 954 1463 uon
976 1403 1056 1479 quod
1078 1402 1148 1462 illos
1171 1401 1349 1479 spernimus,
1374 1402 1426 1461 aad
1449 1403 1520 1480 quia
1542 1402 1602 1461 iltis
1617 1420 1678 1461 non

369 1510 450 1569 omni
473 1510 625 1571 occasione
648 1510 828 1588 indigemus.
858 1511 981 1586 Aequus
1003 1527 1073 1569 vero
1096 1526 1199 1569 censor
1223 1510 1330 1568 saltem
1354 1529 1390 1570 ex
1412 1510 1467 1569 hoc
1490 1514 1572 1570 tomo
1588 1509 1677 1568 facile

368 1622 517 1695 agnoscet,
533 1635 588 1676 noe
604 1617 673 1693 plus
689 1617 917 1694 protestantium
934 1616 1074 1675 habuisse
1095 1616 1240 1675 rationem
1261 1620 1425 1688 auctorum,
1449 1636 1539 1693 quarn
1555 1617 1614 1695 ipsi
1630 1636 1678 1677 eo-

368 1723 450 1785 leant
465 1708 677 1785 catholitorum
695 1724 741 1784 uti
757 1710 904 1801 operibus.

457 1830 612 1907 Ejusmodi
627 1848 697 1889 vero
713 1847 854 1889 censurae
869 1846 924 1889 noa
940 1848 1000 1889 non
1025 1830 1217 1891 deterrebant
1231 1830 1269 1889 ab
1284 1831 1398 1891 edendo
1413 1832 1679 1907 prosequeudoque

369 1937 423 1997 hoo
438 1955 534 2013 opere.
550 1936 658 1996 Melius
674 1936 753 1996 enim
764 1936 987 1996 aestimavimus
997 1936 1081 1997 illiue
1091 1936 1230 1996 exhibere
1241 1937 1390 2013 specimen
1399 1942 1490 2015 atque
1498 1938 1679 2010 rudimenta,

369 2064 437 2106 oum
453 2064 487 2105 eo
501 2044 562 2104 fere
580 2062 741 2116 careamus,
757 2048 788 2103 et
803 2044 981 2115 nesciamus,
992 2062 1046 2120 per
1055 2047 1130 2119 quot
1139 2043 1281 2103 decennia
1290 2063 1325 2103 ao
1334 2044 1429 2104 simus
1445 2045 1577 2107 carituri
1593 2046 1680 2105 Alius

370 2154 452 2224 torta,
470 2156 505 2211 ut
521 2169 684 2228 speramus
700 2152 939 2211 nomenclaturae
955 2151 1103 2226 ejusmodi
1118 2150 1251 2209 utilitate
1267 2153 1454 2227 provocatus,
1470 2156 1572 2211 nostra
1587 2152 1678 2212 vosti-

370 2260 418 2337 gia
433 2260 535 2336 legens
551 2276 627 2334 opue
642 2256 717 2317 rude
732 2261 763 2317 et
779 2257 983 2335 imperfectum
1000 2256 1179 2328 emendabit,
1203 2257 1341 2334 expoliat,
1365 2258 1505 2335 perficiet,
1522 2261 1559 2317 nt
1574 2258 1678 2335 aequis

370 2368 502 2427 virorum
518 2364 704 2424 eruditorum
721 2364 799 2425 votis
815 2365 986 2437 satisfaciat,
1003 2364 1083 2442 quod
1098 2364 1172 2424 faxit
1187 2366 1283 2424 Deus!

459 2560 624 2637 Oeuipoute
640 2560 688 2620 die
703 2562 780 2620 testo
796 2561 825 2619 b.
840 2561 951 2621 canisii
970 2570 1019 2624 27.
1037 2562 1107 2637 Apr.
1127 2570 1222 2625 1903.
1327 2548 1330 2552 7

1355 2740 1502 2799 Hurter
1518 2741 1546 2799 S.
1562 2741 1591 2801 J.
1641 2768 1645 2780 ·
