<?xml version="1.0" encoding="UTF-8"?>
<!DOCTYPE html PUBLIC "-//W3C//DTD XHTML 1.0 Transitional//EN"
    "http://www.w3.org/TR/xhtml1/DTD/xhtml1-transitional.dtd">
<html xmlns="http://www.w3.org/1999/xhtml" xml:lang="en" lang="en">
 <head>
  <title>
</title>
<meta http-equiv="Content-Type" content="text/html;charset=utf-8" />
  <meta name='ocr-system' content='tesseract 3.04.00' />
  <meta name='ocr-capabilities' content='ocr_page ocr_carea ocr_par ocr_line ocrx_word'/>
</head>
<body>
  <div class='ocr_page' id='page_1' title='image "./nomenclatorlite02hurtgoog/nomenclatorlite02hurtgoog_0419.png"; bbox 0 0 4117 5842; ppageno 0'>
   <div class='ocr_carea' id='block_1_1' title="bbox 323 577 1633 652">
    <p class='ocr_par' dir='ltr' id='par_1_1' title="bbox 323 577 1633 652">
     <span class='ocr_line' id='line_1_1' title="bbox 323 577 1633 652; baseline 0.002 -4"><span class='ocrx_word' id='word_1_1' title='bbox 323 595 384 648; x_wconf 79' lang='lat' dir='ltr'><strong>rer</strong></span> <span class='ocrx_word' id='word_1_2' title='bbox 914 577 1042 633; x_wconf 69' lang='lat' dir='ltr'><strong>namus.</strong></span> <span class='ocrx_word' id='word_1_3' title='bbox 1572 597 1633 652; x_wconf 80' lang='lat' dir='ltr'><strong>ses</strong></span> 
     </span>
    </p>
   </div>
   <div class='ocr_carea' id='block_1_2' title="bbox 315 762 1638 2894">
    <p class='ocr_par' dir='ltr' id='par_1_2' title="bbox 315 762 1638 2894">
     <span class='ocr_line' id='line_1_2' title="bbox 320 762 1636 842; baseline 0.003 -20"><span class='ocrx_word' id='word_1_4' title='bbox 320 765 377 824; x_wconf 89' lang='lat' dir='ltr'><strong>hoc</strong></span> <span class='ocrx_word' id='word_1_5' title='bbox 391 782 474 841; x_wconf 87' lang='lat' dir='ltr'><strong>opus,</strong></span> <span class='ocrx_word' id='word_1_6' title='bbox 498 763 543 824; x_wconf 91' lang='lat' dir='ltr'><strong>ita</strong></span> <span class='ocrx_word' id='word_1_7' title='bbox 564 767 601 822; x_wconf 85' lang='lat' dir='ltr'><strong>ut</strong></span> <span class='ocrx_word' id='word_1_8' title='bbox 623 781 646 826; x_wconf 89' lang='lat' dir='ltr'><strong>s.</strong></span> <span class='ocrx_word' id='word_1_9' title='bbox 662 762 774 823; x_wconf 90' lang='lat' dir='ltr'><strong>Odilc</strong></span> <span class='ocrx_word' id='word_1_10' title='bbox 790 764 881 823; x_wconf 85' lang='lat' dir='ltr'><strong>abbas</strong></span> <span class='ocrx_word' id='word_1_11' title='bbox 897 763 961 823; x_wconf 90' lang='lat' dir='ltr'><strong>clu·</strong></span> <span class='ocrx_word' id='word_1_12' title='bbox 995 765 1110 823; x_wconf 88' lang='lat' dir='ltr'><strong>tnalcm</strong></span> <span class='ocrx_word' id='word_1_13' title='bbox 1140 763 1381 842; x_wconf 76' lang='lat' dir='ltr'><strong>intelligentiam.</strong></span> <span class='ocrx_word' id='word_1_14' title='bbox 1421 765 1636 826; x_wconf 79' lang='lat' dir='ltr'><strong>Desiderentur</strong></span> 
     </span>
     <span class='ocr_line' id='line_1_3' title="bbox 319 852 1634 922; baseline 0 -10"><span class='ocrx_word' id='word_1_15' title='bbox 319 854 467 914; x_wconf 88' lang='lat' dir='ltr'><strong>niacensis</strong></span> <span class='ocrx_word' id='word_1_16' title='bbox 490 854 526 913; x_wconf 91' lang='lat' dir='ltr'><strong>de</strong></span> <span class='ocrx_word' id='word_1_17' title='bbox 557 871 592 912; x_wconf 90' lang='lat' dir='ltr'><strong>eo</strong></span> <span class='ocrx_word' id='word_1_18' title='bbox 622 852 735 912; x_wconf 87' lang='lat' dir='ltr'><strong>diceret</strong></span> <span class='ocrx_word' id='word_1_19' title='bbox 757 852 791 912; x_wconf 91' lang='lat' dir='ltr'><strong>in</strong></span> <span class='ocrx_word' id='word_1_20' title='bbox 814 871 901 912; x_wconf 90' lang='lat' dir='ltr'><strong>serm.</strong></span> <span class='ocrx_word' id='word_1_21' title='bbox 926 853 963 912; x_wconf 92' lang='lat' dir='ltr'><strong>de</strong></span> <span class='ocrx_word' id='word_1_22' title='bbox 990 856 1092 913; x_wconf 85' lang='lat' dir='ltr'><strong>tamen</strong></span> <span class='ocrx_word' id='word_1_23' title='bbox 1107 852 1194 913; x_wconf 92' lang='lat' dir='ltr'><strong>modo</strong></span> <span class='ocrx_word' id='word_1_24' title='bbox 1204 855 1407 914; x_wconf 87' lang='lat' dir='ltr'><strong>commentarii</strong></span> <span class='ocrx_word' id='word_1_25' title='bbox 1422 854 1532 922; x_wconf 84' lang='lat' dir='ltr'><strong>inJob.</strong></span> <span class='ocrx_word' id='word_1_26' title='bbox 1549 855 1634 915; x_wconf 89' lang='lat' dir='ltr'><strong>Psal-</strong></span> 
     </span>
     <span class='ocr_line' id='line_1_4' title="bbox 319 937 1638 1022; baseline 0.001 -19"><span class='ocrx_word' id='word_1_27' title='bbox 319 943 409 1003; x_wconf 87' lang='lat' dir='ltr'><strong>lande</strong></span> <span class='ocrx_word' id='word_1_28' title='bbox 430 962 454 1004; x_wconf 94' lang='lat' dir='ltr'><strong>s.</strong></span> <span class='ocrx_word' id='word_1_29' title='bbox 477 943 579 1003; x_wconf 77' lang='lat' dir='ltr'><strong>(trucis</strong></span> <span class='ocrx_word' id='word_1_30' title='bbox 601 938 742 1022; x_wconf 87' lang='lat' dir='ltr'><strong>(hligne</strong></span> <span class='ocrx_word' id='word_1_31' title='bbox 757 941 844 1012; x_wconf 81' lang='lat' dir='ltr'><strong>svn.</strong></span> <span class='ocrx_word' id='word_1_32' title='bbox 870 937 960 1020; x_wconf 84' lang='lat'>108):</span> <span class='ocrx_word' id='word_1_33' title='bbox 991 959 1066 1013; x_wconf 88' lang='lat' dir='ltr'><strong>mos,</strong></span> <span class='ocrx_word' id='word_1_34' title='bbox 1092 942 1224 1013; x_wconf 77' lang='lat' dir='ltr'><strong>Esdram,</strong></span> <span class='ocrx_word' id='word_1_35' title='bbox 1250 943 1382 1015; x_wconf 80' lang='lat' dir='ltr'><strong>Tobiam,</strong></span> <span class='ocrx_word' id='word_1_36' title='bbox 1413 945 1446 1002; x_wconf 90' lang='lat' dir='ltr'><strong>in</strong></span> <span class='ocrx_word' id='word_1_37' title='bbox 1471 945 1579 1004; x_wconf 86' lang='lat' dir='ltr'><strong>tesiam</strong></span> <span class='ocrx_word' id='word_1_38' title='bbox 1604 947 1638 1004; x_wconf 82' lang='lat' dir='ltr'><strong>ot</strong></span> 
     </span>
     <span class='ocr_line' id='line_1_5' title="bbox 321 1030 1633 1108; baseline 0.001 -16"><span class='ocrx_word' id='word_1_39' title='bbox 321 1032 483 1101; x_wconf 80' lang='lat' dir='ltr'><strong>,Babanus</strong></span> <span class='ocrx_word' id='word_1_40' title='bbox 493 1032 621 1092; x_wconf 89' lang='lat' dir='ltr'><strong>seculari</strong></span> <span class='ocrx_word' id='word_1_41' title='bbox 631 1030 756 1090; x_wconf 87' lang='lat' dir='ltr'><strong>scientia</strong></span> <span class='ocrx_word' id='word_1_42' title='bbox 767 1031 878 1089; x_wconf 74' lang='lat' dir='ltr'><strong>affahm</strong></span> <span class='ocrx_word' id='word_1_43' title='bbox 893 1049 961 1090; x_wconf 90' lang='lat' dir='ltr'><strong>eru-</strong></span> <span class='ocrx_word' id='word_1_44' title='bbox 990 1031 1153 1102; x_wconf 87' lang='lat' dir='ltr'><strong>Danielem,</strong></span> <span class='ocrx_word' id='word_1_45' title='bbox 1169 1031 1368 1108; x_wconf 86' lang='lat' dir='ltr'><strong>inprcphetas</strong></span> <span class='ocrx_word' id='word_1_46' title='bbox 1380 1033 1520 1104; x_wconf 89' lang='lat' dir='ltr'><strong>minores,</strong></span> <span class='ocrx_word' id='word_1_47' title='bbox 1537 1033 1569 1092; x_wconf 90' lang='lat' dir='ltr'><strong>in</strong></span> <span class='ocrx_word' id='word_1_48' title='bbox 1579 1035 1633 1093; x_wconf 81' lang='lat' dir='ltr'><strong>Ec·</strong></span> 
     </span>
     <span class='ocr_line' id='line_1_6' title="bbox 319 1118 1633 1198; baseline 0.001 -18"><span class='ocrx_word' id='word_1_49' title='bbox 319 1121 412 1192; x_wconf 89' lang='lat' dir='ltr'><strong>ditus,</strong></span> <span class='ocrx_word' id='word_1_50' title='bbox 429 1121 486 1181; x_wconf 87' lang='lat' dir='ltr'><strong>fide</strong></span> <span class='ocrx_word' id='word_1_51' title='bbox 500 1120 674 1191; x_wconf 88' lang='lat' dir='ltr'><strong>catholicus,</strong></span> <span class='ocrx_word' id='word_1_52' title='bbox 697 1118 850 1196; x_wconf 69' lang='lat' dir='ltr'><strong>spirituali</strong></span> <span class='ocrx_word' id='word_1_53' title='bbox 865 1121 961 1179; x_wconf 88' lang='lat' dir='ltr'><strong>scisn-</strong></span> <span class='ocrx_word' id='word_1_54' title='bbox 991 1121 1152 1180; x_wconf 87' lang='lat' dir='ltr'><strong>clesiasten</strong></span> <span class='ocrx_word' id='word_1_55' title='bbox 1167 1125 1200 1180; x_wconf 89' lang='lat' dir='ltr'><strong>et</strong></span> <span class='ocrx_word' id='word_1_56' title='bbox 1209 1121 1359 1182; x_wconf 76' lang='lat' dir='ltr'><strong>Canticum</strong></span> <span class='ocrx_word' id='word_1_57' title='bbox 1371 1131 1456 1198; x_wconf 81' lang='lat' dir='ltr'><strong>caut,</strong></span> <span class='ocrx_word' id='word_1_58' title='bbox 1472 1123 1504 1182; x_wconf 87' lang='lat' dir='ltr'><strong>in</strong></span> <span class='ocrx_word' id='word_1_59' title='bbox 1514 1123 1633 1196; x_wconf 74' lang='lat' dir='ltr'><strong>bucam,</strong></span> 
     </span>
     <span class='ocr_line' id='line_1_7' title="bbox 317 1209 1635 1289; baseline 0.002 -20"><span class='ocrx_word' id='word_1_60' title='bbox 317 1210 363 1270; x_wconf 89' lang='lat' dir='ltr'><strong>tia</strong></span> <span class='ocrx_word' id='word_1_61' title='bbox 384 1210 564 1286; x_wconf 89' lang='lat' dir='ltr'><strong>adplenum</strong></span> <span class='ocrx_word' id='word_1_62' title='bbox 578 1209 711 1279; x_wconf 89' lang='lat' dir='ltr'><strong>edoctus,</strong></span> <span class='ocrx_word' id='word_1_63' title='bbox 732 1210 793 1268; x_wconf 85' lang='lat' dir='ltr'><strong>tale</strong></span> <span class='ocrx_word' id='word_1_64' title='bbox 814 1209 852 1267; x_wconf 91' lang='lat' dir='ltr'><strong>de</strong></span> <span class='ocrx_word' id='word_1_65' title='bbox 873 1209 963 1268; x_wconf 85' lang='lat' dir='ltr'><strong>laude</strong></span> <span class='ocrx_word' id='word_1_66' title='bbox 990 1210 1146 1281; x_wconf 88' lang='lat' dir='ltr'><strong>Joannem,</strong></span> <span class='ocrx_word' id='word_1_67' title='bbox 1169 1210 1202 1268; x_wconf 89' lang='lat' dir='ltr'><strong>in</strong></span> <span class='ocrx_word' id='word_1_68' title='bbox 1224 1229 1270 1286; x_wconf 90' lang='lat' dir='ltr'><strong>ep.</strong></span> <span class='ocrx_word' id='word_1_69' title='bbox 1293 1213 1447 1272; x_wconf 83' lang='lat' dir='ltr'><strong>canonicas</strong></span> <span class='ocrx_word' id='word_1_70' title='bbox 1469 1218 1501 1271; x_wconf 91' lang='lat' dir='ltr'><strong>et</strong></span> <span class='ocrx_word' id='word_1_71' title='bbox 1520 1214 1635 1289; x_wconf 83' lang='lat' dir='ltr'><strong>Apoca-</strong></span> 
     </span>
     <span class='ocr_line' id='line_1_8' title="bbox 318 1298 1636 1376; baseline 0.002 -18"><span class='ocrx_word' id='word_1_72' title='bbox 318 1318 343 1364; x_wconf 91' lang='lat' dir='ltr'><strong>s.</strong></span> <span class='ocrx_word' id='word_1_73' title='bbox 359 1299 459 1360; x_wconf 71' lang='lat' dir='ltr'><strong>(trucis</strong></span> <span class='ocrx_word' id='word_1_74' title='bbox 474 1300 573 1359; x_wconf 88' lang='lat' dir='ltr'><strong>texuit</strong></span> <span class='ocrx_word' id='word_1_75' title='bbox 594 1317 670 1375; x_wconf 91' lang='lat' dir='ltr'><strong>opus</strong></span> <span class='ocrx_word' id='word_1_76' title='bbox 693 1302 725 1356; x_wconf 91' lang='lat' dir='ltr'><strong>et</strong></span> <span class='ocrx_word' id='word_1_77' title='bbox 745 1298 872 1358; x_wconf 61' lang='lat' dir='ltr'><strong>urendo</strong></span> <span class='ocrx_word' id='word_1_78' title='bbox 894 1317 961 1374; x_wconf 89' lang='lat' dir='ltr'><strong>per·</strong></span> <span class='ocrx_word' id='word_1_79' title='bbox 989 1299 1100 1375; x_wconf 85' lang='lat' dir='ltr'><strong>lypsin,</strong></span> <span class='ocrx_word' id='word_1_80' title='bbox 1125 1299 1158 1357; x_wconf 92' lang='lat' dir='ltr'><strong>in</strong></span> <span class='ocrx_word' id='word_1_81' title='bbox 1173 1302 1266 1361; x_wconf 78' lang='lat' dir='ltr'><strong>Actus</strong></span> <span class='ocrx_word' id='word_1_82' title='bbox 1281 1303 1493 1376; x_wconf 86' lang='lat' dir='ltr'><strong>apostolorum.</strong></span> <span class='ocrx_word' id='word_1_83' title='bbox 1524 1301 1636 1361; x_wconf 79' lang='lat' dir='ltr'><strong>calluit</strong></span> 
     </span>
     <span class='ocr_line' id='line_1_9' title="bbox 318 1386 1632 1469; baseline 0.002 -21"><span class='ocrx_word' id='word_1_84' title='bbox 318 1389 405 1460; x_wconf 84' lang='lat' dir='ltr'><strong>fecit,</strong></span> <span class='ocrx_word' id='word_1_85' title='bbox 439 1407 501 1465; x_wconf 88' lang='lat' dir='ltr'><strong>quo</strong></span> <span class='ocrx_word' id='word_1_86' title='bbox 530 1387 693 1466; x_wconf 75' lang='lat' dir='ltr'><strong>pretiosius</strong></span> <span class='ocrx_word' id='word_1_87' title='bbox 722 1386 762 1446; x_wconf 91' lang='lat' dir='ltr'><strong>ad</strong></span> <span class='ocrx_word' id='word_1_88' title='bbox 790 1386 961 1458; x_wconf 85' lang='lat' dir='ltr'><strong>ridendum,</strong></span> <span class='ocrx_word' id='word_1_89' title='bbox 989 1392 1091 1447; x_wconf 90' lang='lat' dir='ltr'><strong>autem</strong></span> <span class='ocrx_word' id='word_1_90' title='bbox 1116 1387 1248 1465; x_wconf 79' lang='lat' dir='ltr'><strong>linguam</strong></span> <span class='ocrx_word' id='word_1_91' title='bbox 1279 1407 1339 1450; x_wconf 86' lang='lat' dir='ltr'><strong>nou</strong></span> <span class='ocrx_word' id='word_1_92' title='bbox 1365 1392 1462 1451; x_wconf 88' lang='lat' dir='ltr'><strong>solum</strong></span> <span class='ocrx_word' id='word_1_93' title='bbox 1487 1407 1632 1469; x_wconf 73' lang='lat' dir='ltr'><strong>graecam,</strong></span> 
     </span>
     <span class='ocr_line' id='line_1_10' title="bbox 317 1474 1633 1555; baseline 0.002 -17"><span class='ocrx_word' id='word_1_94' title='bbox 317 1479 477 1538; x_wconf 73' lang='lat' dir='ltr'><strong>amabilius</strong></span> <span class='ocrx_word' id='word_1_95' title='bbox 492 1478 529 1537; x_wconf 93' lang='lat' dir='ltr'><strong>ad</strong></span> <span class='ocrx_word' id='word_1_96' title='bbox 545 1476 714 1555; x_wconf 87' lang='lat' dir='ltr'><strong>legendum,</strong></span> <span class='ocrx_word' id='word_1_97' title='bbox 731 1475 851 1536; x_wconf 91' lang='lat' dir='ltr'><strong>dulcius</strong></span> <span class='ocrx_word' id='word_1_98' title='bbox 863 1474 901 1535; x_wconf 90' lang='lat' dir='ltr'><strong>ad</strong></span> <span class='ocrx_word' id='word_1_99' title='bbox 915 1495 962 1535; x_wconf 90' lang='lat' dir='ltr'><strong>re·</strong></span> <span class='ocrx_word' id='word_1_100' title='bbox 990 1477 1041 1536; x_wconf 84' lang='lat' dir='ltr'><strong>scd</strong></span> <span class='ocrx_word' id='word_1_101' title='bbox 1058 1479 1089 1536; x_wconf 90' lang='lat' dir='ltr'><strong>et</strong></span> <span class='ocrx_word' id='word_1_102' title='bbox 1104 1476 1272 1537; x_wconf 86' lang='lat' dir='ltr'><strong>hebraicam</strong></span> <span class='ocrx_word' id='word_1_103' title='bbox 1287 1482 1319 1538; x_wconf 89' lang='lat' dir='ltr'><strong>ct</strong></span> <span class='ocrx_word' id='word_1_104' title='bbox 1333 1480 1520 1540; x_wconf 73' lang='lat' dir='ltr'><strong>chaldaicam.</strong></span> <span class='ocrx_word' id='word_1_105' title='bbox 1544 1479 1633 1540; x_wconf 87' lang='lat' dir='ltr'><strong>Hunc</strong></span> 
     </span>
     <span class='ocr_line' id='line_1_11' title="bbox 316 1564 1634 1636; baseline 0.002 -11"><span class='ocrx_word' id='word_1_106' title='bbox 316 1567 486 1636; x_wconf 87' lang='lat' dir='ltr'><strong>tinendum,</strong></span> <span class='ocrx_word' id='word_1_107' title='bbox 509 1567 686 1626; x_wconf 87' lang='lat' dir='ltr'><strong>laboriosius</strong></span> <span class='ocrx_word' id='word_1_108' title='bbox 708 1565 746 1623; x_wconf 91' lang='lat' dir='ltr'><strong>ad</strong></span> <span class='ocrx_word' id='word_1_109' title='bbox 768 1564 961 1624; x_wconf 90' lang='lat' dir='ltr'><strong>scribendum</strong></span> <span class='ocrx_word' id='word_1_110' title='bbox 991 1568 1093 1625; x_wconf 83' lang='lat' dir='ltr'><strong>sutem</strong></span> <span class='ocrx_word' id='word_1_111' title='bbox 1116 1566 1240 1626; x_wconf 89' lang='lat' dir='ltr'><strong>modum</strong></span> <span class='ocrx_word' id='word_1_112' title='bbox 1268 1567 1301 1626; x_wconf 89' lang='lat' dir='ltr'><strong>in</strong></span> <span class='ocrx_word' id='word_1_113' title='bbox 1325 1569 1544 1629; x_wconf 84' lang='lat' dir='ltr'><strong>commentariis</strong></span> <span class='ocrx_word' id='word_1_114' title='bbox 1569 1569 1634 1629; x_wconf 89' lang='lat' dir='ltr'><strong>suis</strong></span> 
     </span>
     <span class='ocr_line' id='line_1_12' title="bbox 316 1654 1633 1735; baseline 0.001 -20"><span class='ocrx_word' id='word_1_115' title='bbox 316 1675 380 1716; x_wconf 91' lang='lat' dir='ltr'><strong>non</strong></span> <span class='ocrx_word' id='word_1_116' title='bbox 403 1660 503 1734; x_wconf 88' lang='lat' dir='ltr'><strong>potest</strong></span> <span class='ocrx_word' id='word_1_117' title='bbox 530 1655 689 1716; x_wconf 73' lang='lat' dir='ltr'><strong>inveniri&lt;</strong></span> <span class='ocrx_word' id='word_1_118' title='bbox 727 1654 962 1714; x_wconf 86' lang='lat' dir='ltr'><strong>llahillonio</strong></span> <span class='ocrx_word' id='word_1_119' title='bbox 991 1654 1138 1730; x_wconf 90' lang='lat' dir='ltr'><strong>sequitur,</strong></span> <span class='ocrx_word' id='word_1_120' title='bbox 1155 1659 1191 1715; x_wconf 88' lang='lat' dir='ltr'><strong>ut</strong></span> <span class='ocrx_word' id='word_1_121' title='bbox 1206 1657 1270 1732; x_wconf 92' lang='lat' dir='ltr'><strong>ipse</strong></span> <span class='ocrx_word' id='word_1_122' title='bbox 1285 1659 1318 1716; x_wconf 90' lang='lat' dir='ltr'><strong>in</strong></span> <span class='ocrx_word' id='word_1_123' title='bbox 1332 1658 1633 1735; x_wconf 81' lang='lat' dir='ltr'><strong>epdereculphum</strong></span> 
     </span>
     <span class='ocr_line' id='line_1_13' title="bbox 316 1743 1632 1824; baseline 0.002 -19"><span class='ocrx_word' id='word_1_124' title='bbox 316 1748 420 1806; x_wconf 83' lang='lat' dir='ltr'><strong>tamen</strong></span> <span class='ocrx_word' id='word_1_125' title='bbox 429 1747 556 1821; x_wconf 82' lang='lat' dir='ltr'><strong>aliisque</strong></span> <span class='ocrx_word' id='word_1_126' title='bbox 561 1745 715 1820; x_wconf 90' lang='lat' dir='ltr'><strong>judicibus</strong></span> <span class='ocrx_word' id='word_1_127' title='bbox 729 1761 805 1821; x_wconf 89' lang='lat' dir='ltr'><strong>opus</strong></span> <span class='ocrx_word' id='word_1_128' title='bbox 820 1743 876 1804; x_wconf 94' lang='lat' dir='ltr'><strong>hoc</strong></span> <span class='ocrx_word' id='word_1_129' title='bbox 892 1743 961 1819; x_wconf 89' lang='lat' dir='ltr'><strong>plns</strong></span> <span class='ocrx_word' id='word_1_130' title='bbox 989 1745 1199 1804; x_wconf 85' lang='lat' dir='ltr'><strong>commentario</strong></span> <span class='ocrx_word' id='word_1_131' title='bbox 1232 1747 1263 1805; x_wconf 87' lang='lat' dir='ltr'><strong>in</strong></span> <span class='ocrx_word' id='word_1_132' title='bbox 1288 1748 1523 1807; x_wconf 86' lang='lat' dir='ltr'><strong>Pentateuchum</strong></span> <span class='ocrx_word' id='word_1_133' title='bbox 1547 1766 1632 1824; x_wconf 86' lang='lat' dir='ltr'><strong>prae·</strong></span> 
     </span>
     <span class='ocr_line' id='line_1_14' title="bbox 317 1832 1633 1914; baseline 0.002 -20"><span class='ocrx_word' id='word_1_134' title='bbox 317 1835 541 1914; x_wconf 85' lang='lat' dir='ltr'><strong>hahetingenii,</strong></span> <span class='ocrx_word' id='word_1_135' title='bbox 557 1833 768 1909; x_wconf 87' lang='lat' dir='ltr'><strong>laborisatque</strong></span> <span class='ocrx_word' id='word_1_136' title='bbox 778 1833 961 1892; x_wconf 86' lang='lat' dir='ltr'><strong>artehcicsae</strong></span> <span class='ocrx_word' id='word_1_137' title='bbox 989 1832 1080 1892; x_wconf 88' lang='lat' dir='ltr'><strong>missa</strong></span> <span class='ocrx_word' id='word_1_138' title='bbox 1095 1834 1240 1893; x_wconf 86' lang='lat' dir='ltr'><strong>testatur:</strong></span> <span class='ocrx_word' id='word_1_139' title='bbox 1258 1835 1329 1904; x_wconf 62' lang='lat' dir='ltr'><strong>,Sd</strong></span> <span class='ocrx_word' id='word_1_140' title='bbox 1346 1839 1466 1912; x_wconf 90' lang='lat' dir='ltr'><strong>patrum</strong></span> <span class='ocrx_word' id='word_1_141' title='bbox 1480 1836 1583 1906; x_wconf 88' lang='lat' dir='ltr'><strong>libros,</strong></span> <span class='ocrx_word' id='word_1_142' title='bbox 1599 1837 1633 1896; x_wconf 86' lang='lat' dir='ltr'><strong>in</strong></span> 
     </span>
     <span class='ocr_line' id='line_1_15' title="bbox 317 1921 1633 2003; baseline 0.001 -20"><span class='ocrx_word' id='word_1_143' title='bbox 317 1924 503 2002; x_wconf 89' lang='lat' dir='ltr'><strong>diligentiae,</strong></span> <span class='ocrx_word' id='word_1_144' title='bbox 534 1941 626 2000; x_wconf 89' lang='lat' dir='ltr'><strong>quam</strong></span> <span class='ocrx_word' id='word_1_145' title='bbox 654 1921 806 1985; x_wconf 87' lang='lat' dir='ltr'><strong>utilitatis.</strong></span> <span class='ocrx_word' id='word_1_146' title='bbox 846 1921 963 1982; x_wconf 88' lang='lat' dir='ltr'><strong>Prodiit</strong></span> <span class='ocrx_word' id='word_1_147' title='bbox 989 1921 1102 1998; x_wconf 89' lang='lat' dir='ltr'><strong>quibus</strong></span> <span class='ocrx_word' id='word_1_148' title='bbox 1112 1922 1199 1982; x_wconf 89' lang='lat' dir='ltr'><strong>rebar</strong></span> <span class='ocrx_word' id='word_1_149' title='bbox 1207 1921 1323 1999; x_wconf 83' lang='lat' dir='ltr'><strong>aliquid</strong></span> <span class='ocrx_word' id='word_1_150' title='bbox 1338 1926 1375 1984; x_wconf 91' lang='lat' dir='ltr'><strong>de</strong></span> <span class='ocrx_word' id='word_1_151' title='bbox 1389 1925 1547 1986; x_wconf 86' lang='lat' dir='ltr'><strong>sententiis</strong></span> <span class='ocrx_word' id='word_1_152' title='bbox 1557 1925 1633 2003; x_wconf 90' lang='lat' dir='ltr'><strong>legis</strong></span> 
     </span>
     <span class='ocr_line' id='line_1_16' title="bbox 317 2010 1632 2091; baseline 0.001 -18"><span class='ocrx_word' id='word_1_153' title='bbox 317 2033 410 2091; x_wconf 91' lang='lat' dir='ltr'><strong>opera</strong></span> <span class='ocrx_word' id='word_1_154' title='bbox 423 2013 485 2076; x_wconf 85' lang='lat' dir='ltr'><strong>Jac.</strong></span> <span class='ocrx_word' id='word_1_155' title='bbox 508 2010 810 2089; x_wconf 87' lang='lat' dir='ltr'><strong>Wimphelingii</strong></span> <span class='ocrx_word' id='word_1_156' title='bbox 832 2011 962 2071; x_wconf 79' lang='lat' dir='ltr'><strong>Phoraua</strong></span> <span class='ocrx_word' id='word_1_157' title='bbox 989 2029 1162 2087; x_wconf 82' lang='lat' dir='ltr'><strong>expressum</strong></span> <span class='ocrx_word' id='word_1_158' title='bbox 1185 2031 1256 2084; x_wconf 87' lang='lat' dir='ltr'><strong>csse,</strong></span> <span class='ocrx_word' id='word_1_159' title='bbox 1281 2019 1429 2089; x_wconf 88' lang='lat' dir='ltr'><strong>quantum</strong></span> <span class='ocrx_word' id='word_1_160' title='bbox 1444 2014 1539 2084; x_wconf 87' lang='lat' dir='ltr'><strong>licuit,</strong></span> <span class='ocrx_word' id='word_1_161' title='bbox 1563 2034 1632 2090; x_wconf 90' lang='lat' dir='ltr'><strong>per·</strong></span> 
     </span>
     <span class='ocr_line' id='line_1_17' title="bbox 320 2099 1631 2184; baseline -0.005 -16"><span class='ocrx_word' id='word_1_162' title='bbox 320 2113 406 2167; x_wconf 82' lang='lat'>1503</span> <span class='ocrx_word' id='word_1_163' title='bbox 422 2103 454 2162; x_wconf 88' lang='lat' dir='ltr'><strong>in</strong></span> <span class='ocrx_word' id='word_1_164' title='bbox 469 2104 676 2180; x_wconf 57' lang='lat' dir='ltr'><strong>ishugustae</strong></span> <span class='ocrx_word' id='word_1_165' title='bbox 691 2099 726 2164; x_wconf 85' lang='lat' dir='ltr'><strong>V.</strong></span> <span class='ocrx_word' id='word_1_166' title='bbox 748 2111 828 2164; x_wconf 77' lang='lat'><strong>1605</strong></span> <span class='ocrx_word' id='word_1_167' title='bbox 846 2102 902 2159; x_wconf 87' lang='lat' dir='ltr'><strong>etc.</strong></span> <span class='ocrx_word' id='word_1_168' title='bbox 916 2133 960 2144; x_wconf 87' lang='lat'>-</span> <span class='ocrx_word' id='word_1_169' title='bbox 987 2099 1058 2178; x_wconf 90' lang='lat' dir='ltr'><strong>legi,</strong></span> <span class='ocrx_word' id='word_1_170' title='bbox 1082 2104 1113 2160; x_wconf 90' lang='lat' dir='ltr'><strong>et</strong></span> <span class='ocrx_word' id='word_1_171' title='bbox 1134 2100 1254 2179; x_wconf 91' lang='lat' dir='ltr'><strong>singula</strong></span> <span class='ocrx_word' id='word_1_172' title='bbox 1276 2105 1441 2184; x_wconf 75' lang='lat' dir='ltr'><strong>secundm</strong></span> <span class='ocrx_word' id='word_1_173' title='bbox 1456 2104 1631 2180; x_wconf 88' lang='lat' dir='ltr'><strong>opportuni·</strong></span> 
     </span>
     <span class='ocr_line' id='line_1_18' title="bbox 315 2188 1631 2267; baseline 0 -15"><span class='ocrx_word' id='word_1_174' title='bbox 315 2193 363 2251; x_wconf 81' lang='lat' dir='ltr'><strong>De</strong></span> <span class='ocrx_word' id='word_1_175' title='bbox 376 2195 547 2252; x_wconf 70' lang='lat' dir='ltr'><strong>clericorum</strong></span> <span class='ocrx_word' id='word_1_176' title='bbox 555 2192 736 2250; x_wconf 78' lang='lat' dir='ltr'><strong>institutione</strong></span> <span class='ocrx_word' id='word_1_177' title='bbox 749 2189 782 2252; x_wconf 87' lang='lat' dir='ltr'><strong>ll.</strong></span> <span class='ocrx_word' id='word_1_178' title='bbox 793 2188 838 2247; x_wconf 90' lang='lat' dir='ltr'><strong>III</strong></span> <span class='ocrx_word' id='word_1_179' title='bbox 850 2208 875 2249; x_wconf 79' lang='lat' dir='ltr'><strong>a.</strong></span> <span class='ocrx_word' id='word_1_180' title='bbox 886 2197 904 2253; x_wconf 81' lang='lat'>8</span> <span class='ocrx_word' id='word_1_181' title='bbox 915 2199 960 2258; x_wconf 84' lang='grc'><strong>19,</strong></span> <span class='ocrx_word' id='word_1_182' title='bbox 988 2192 1082 2248; x_wconf 88' lang='lat' dir='ltr'><strong>tatem</strong></span> <span class='ocrx_word' id='word_1_183' title='bbox 1098 2189 1165 2261; x_wconf 91' lang='lat' dir='ltr'><strong>loci,</strong></span> <span class='ocrx_word' id='word_1_184' title='bbox 1186 2193 1277 2267; x_wconf 89' lang='lat' dir='ltr'><strong>prout</strong></span> <span class='ocrx_word' id='word_1_185' title='bbox 1291 2193 1366 2252; x_wconf 88' lang='lat' dir='ltr'><strong>mihi</strong></span> <span class='ocrx_word' id='word_1_186' title='bbox 1381 2194 1453 2253; x_wconf 88' lang='lat' dir='ltr'><strong>satis</strong></span> <span class='ocrx_word' id='word_1_187' title='bbox 1468 2211 1532 2253; x_wconf 86' lang='lat' dir='ltr'><strong>esse</strong></span> <span class='ocrx_word' id='word_1_188' title='bbox 1547 2193 1631 2252; x_wconf 84' lang='lat' dir='ltr'><strong>ride·</strong></span> 
     </span>
     <span class='ocr_line' id='line_1_19' title="bbox 317 2278 1631 2363; baseline 0.002 -24"><span class='ocrx_word' id='word_1_189' title='bbox 317 2278 461 2363; x_wconf 80' lang='lat' dir='ltr'><strong>(iligna</strong></span> <span class='ocrx_word' id='word_1_190' title='bbox 476 2281 562 2350; x_wconf 84' lang='lat' dir='ltr'><strong>OVH,</strong></span> <span class='ocrx_word' id='word_1_191' title='bbox 579 2278 768 2355; x_wconf 64' lang='lat'><strong>293-120)</strong></span> <span class='ocrx_word' id='word_1_192' title='bbox 784 2278 962 2354; x_wconf 85' lang='lat' dir='ltr'><strong>opusculum</strong></span> <span class='ocrx_word' id='word_1_193' title='bbox 989 2279 1089 2350; x_wconf 90' lang='lat' dir='ltr'><strong>batur,</strong></span> <span class='ocrx_word' id='word_1_194' title='bbox 1112 2280 1226 2339; x_wconf 89' lang='lat' dir='ltr'><strong>inserui</strong></span> <span class='ocrx_word' id='word_1_195' title='bbox 1241 2297 1346 2340; x_wconf 89' lang='lat' dir='ltr'><strong>eorum</strong></span> <span class='ocrx_word' id='word_1_196' title='bbox 1368 2281 1539 2343; x_wconf 85' lang='lat' dir='ltr'><strong>nominihus</strong></span> <span class='ocrx_word' id='word_1_197' title='bbox 1562 2286 1631 2342; x_wconf 85' lang='lat' dir='ltr'><strong>aute</strong></span> 
     </span>
     <span class='ocr_line' id='line_1_20' title="bbox 315 2367 1631 2448; baseline 0.002 -20"><span class='ocrx_word' id='word_1_198' title='bbox 315 2371 404 2431; x_wconf 80' lang='lat' dir='ltr'><strong>valde</strong></span> <span class='ocrx_word' id='word_1_199' title='bbox 418 2370 505 2440; x_wconf 87' lang='lat' dir='ltr'><strong>utile,</strong></span> <span class='ocrx_word' id='word_1_200' title='bbox 521 2389 557 2429; x_wconf 89' lang='lat' dir='ltr'><strong>ex</strong></span> <span class='ocrx_word' id='word_1_201' title='bbox 571 2369 751 2446; x_wconf 81' lang='lat' dir='ltr'><strong>Augustino,</strong></span> <span class='ocrx_word' id='word_1_202' title='bbox 768 2367 960 2438; x_wconf 78' lang='lat' dir='ltr'><strong>Cassiodorio,</strong></span> <span class='ocrx_word' id='word_1_203' title='bbox 988 2368 1022 2426; x_wconf 91' lang='lat' dir='ltr'><strong>in</strong></span> <span class='ocrx_word' id='word_1_204' title='bbox 1044 2369 1154 2446; x_wconf 80' lang='lat' dir='ltr'><strong>pagins</strong></span> <span class='ocrx_word' id='word_1_205' title='bbox 1175 2371 1367 2445; x_wconf 88' lang='lat' dir='ltr'><strong>praenotatis.</strong></span> <span class='ocrx_word' id='word_1_206' title='bbox 1406 2372 1438 2431; x_wconf 83' lang='lat' dir='ltr'><strong>si</strong></span> <span class='ocrx_word' id='word_1_207' title='bbox 1463 2370 1537 2448; x_wconf 87' lang='lat' dir='ltr'><strong>quid</strong></span> <span class='ocrx_word' id='word_1_208' title='bbox 1561 2389 1631 2430; x_wconf 83' lang='lat' dir='ltr'><strong>vero</strong></span> 
     </span>
     <span class='ocr_line' id='line_1_21' title="bbox 317 2456 1632 2538; baseline 0.001 -19"><span class='ocrx_word' id='word_1_209' title='bbox 317 2461 462 2538; x_wconf 74' lang='lat' dir='ltr'><strong>Gregorio</strong></span> <span class='ocrx_word' id='word_1_210' title='bbox 476 2460 515 2519; x_wconf 78' lang='lat' dir='ltr'><strong>M.</strong></span> <span class='ocrx_word' id='word_1_211' title='bbox 531 2462 563 2519; x_wconf 90' lang='lat' dir='ltr'><strong>et</strong></span> <span class='ocrx_word' id='word_1_212' title='bbox 577 2458 692 2517; x_wconf 82' lang='lat' dir='ltr'><strong>isidoro</strong></span> <span class='ocrx_word' id='word_1_213' title='bbox 710 2456 787 2532; x_wconf 86' lang='lat' dir='ltr'><strong>hisp.</strong></span> <span class='ocrx_word' id='word_1_214' title='bbox 803 2456 960 2515; x_wconf 83' lang='lat' dir='ltr'><strong>concinne-</strong></span> <span class='ocrx_word' id='word_1_215' title='bbox 988 2458 1086 2533; x_wconf 87' lang='lat' dir='ltr'><strong>gratia</strong></span> <span class='ocrx_word' id='word_1_216' title='bbox 1110 2457 1212 2518; x_wconf 86' lang='lat' dir='ltr'><strong>divina</strong></span> <span class='ocrx_word' id='word_1_217' title='bbox 1235 2459 1360 2538; x_wconf 90' lang='lat' dir='ltr'><strong>indigno</strong></span> <span class='ocrx_word' id='word_1_218' title='bbox 1383 2460 1458 2520; x_wconf 90' lang='lat' dir='ltr'><strong>mihi</strong></span> <span class='ocrx_word' id='word_1_219' title='bbox 1483 2461 1632 2520; x_wconf 85' lang='lat' dir='ltr'><strong>elucidare</strong></span> 
     </span>
     <span class='ocr_line' id='line_1_22' title="bbox 316 2545 1631 2625; baseline 0 -17"><span class='ocrx_word' id='word_1_220' title='bbox 316 2553 392 2618; x_wconf 86' lang='lat' dir='ltr'><strong>tum,</strong></span> <span class='ocrx_word' id='word_1_221' title='bbox 410 2550 510 2625; x_wconf 90' lang='lat' dir='ltr'><strong>inquo</strong></span> <span class='ocrx_word' id='word_1_222' title='bbox 523 2567 586 2607; x_wconf 91' lang='lat' dir='ltr'><strong>non</strong></span> <span class='ocrx_word' id='word_1_223' title='bbox 597 2545 962 2620; x_wconf 84' lang='lat' dir='ltr'><strong>solumexpcuitmunera</strong></span> <span class='ocrx_word' id='word_1_224' title='bbox 989 2546 1113 2624; x_wconf 80' lang='lat' dir='ltr'><strong>dignata</strong></span> <span class='ocrx_word' id='word_1_225' title='bbox 1134 2551 1181 2606; x_wconf 92' lang='lat' dir='ltr'><strong>est</strong></span> <span class='ocrx_word' id='word_1_226' title='bbox 1206 2549 1237 2606; x_wconf 90' lang='lat' dir='ltr'><strong>in</strong></span> <span class='ocrx_word' id='word_1_227' title='bbox 1260 2549 1332 2608; x_wconf 90' lang='lat' dir='ltr'><strong>locis</strong></span> <span class='ocrx_word' id='word_1_228' title='bbox 1349 2550 1522 2610; x_wconf 82' lang='lat' dir='ltr'><strong>necessariis</strong></span> <span class='ocrx_word' id='word_1_229' title='bbox 1538 2550 1631 2609; x_wconf 90' lang='lat' dir='ltr'><strong>simul</strong></span> 
     </span>
     <span class='ocr_line' id='line_1_23' title="bbox 316 2634 1629 2714; baseline 0.002 -17"><span class='ocrx_word' id='word_1_230' title='bbox 316 2640 348 2697; x_wconf 91' lang='lat' dir='ltr'><strong>et</strong></span> <span class='ocrx_word' id='word_1_231' title='bbox 362 2637 463 2698; x_wconf 82' lang='lat' dir='ltr'><strong>officia</strong></span> <span class='ocrx_word' id='word_1_232' title='bbox 478 2636 685 2705; x_wconf 85' lang='lat' dir='ltr'><strong>ecclesiastica,</strong></span> <span class='ocrx_word' id='word_1_233' title='bbox 708 2634 761 2693; x_wconf 90' lang='lat' dir='ltr'><strong>sed</strong></span> <span class='ocrx_word' id='word_1_234' title='bbox 783 2637 815 2693; x_wconf 91' lang='lat' dir='ltr'><strong>et</strong></span> <span class='ocrx_word' id='word_1_235' title='bbox 836 2635 962 2711; x_wconf 88' lang='lat' dir='ltr'><strong>attingit</strong></span> <span class='ocrx_word' id='word_1_236' title='bbox 988 2653 1057 2694; x_wconf 89' lang='lat' dir='ltr'><strong>cum</strong></span> <span class='ocrx_word' id='word_1_237' title='bbox 1081 2639 1152 2695; x_wconf 90' lang='lat' dir='ltr'><strong>nota</strong></span> <span class='ocrx_word' id='word_1_238' title='bbox 1176 2637 1343 2713; x_wconf 85' lang='lat' dir='ltr'><strong>agnominis</strong></span> <span class='ocrx_word' id='word_1_239' title='bbox 1368 2640 1426 2699; x_wconf 89' lang='lat' dir='ltr'><strong>mei</strong></span> <span class='ocrx_word' id='word_1_240' title='bbox 1451 2638 1629 2714; x_wconf 75' lang='lat' dir='ltr'><strong>interposui,</strong></span> 
     </span>
     <span class='ocr_line' id='line_1_24' title="bbox 317 2723 1630 2804; baseline -0.004 -14"><span class='ocrx_word' id='word_1_241' title='bbox 317 2728 559 2796; x_wconf 64' lang='lat' dir='ltr'><strong>ltdoctrinam,</strong></span> <span class='ocrx_word' id='word_1_242' title='bbox 576 2744 637 2804; x_wconf 87' lang='lat' dir='ltr'><strong>qus</strong></span> <span class='ocrx_word' id='word_1_243' title='bbox 653 2724 778 2785; x_wconf 90' lang='lat' dir='ltr'><strong>clericus</strong></span> <span class='ocrx_word' id='word_1_244' title='bbox 793 2723 962 2782; x_wconf 86' lang='lat' dir='ltr'><strong>instructus</strong></span> <span class='ocrx_word' id='word_1_245' title='bbox 988 2727 1140 2800; x_wconf 85' lang='lat' dir='ltr'><strong>quatenus</strong></span> <span class='ocrx_word' id='word_1_246' title='bbox 1151 2726 1241 2784; x_wconf 87' lang='lat' dir='ltr'><strong>ciret</strong></span> <span class='ocrx_word' id='word_1_247' title='bbox 1250 2727 1351 2800; x_wconf 87' lang='lat' dir='ltr'><strong>lector,</strong></span> <span class='ocrx_word' id='word_1_248' title='bbox 1367 2747 1443 2803; x_wconf 87' lang='lat' dir='ltr'><strong>quae</strong></span> <span class='ocrx_word' id='word_1_249' title='bbox 1459 2747 1494 2787; x_wconf 88' lang='lat' dir='ltr'><strong>ex</strong></span> <span class='ocrx_word' id='word_1_250' title='bbox 1510 2734 1630 2803; x_wconf 88' lang='lat' dir='ltr'><strong>patrum</strong></span> 
     </span>
     <span class='ocr_line' id='line_1_25' title="bbox 316 2812 1630 2894; baseline 0 -18"><span class='ocrx_word' id='word_1_251' title='bbox 316 2817 358 2876; x_wconf 89' lang='lat' dir='ltr'><strong>sit</strong></span> <span class='ocrx_word' id='word_1_252' title='bbox 371 2819 497 2894; x_wconf 83' lang='lat' dir='ltr'><strong>oportet,</strong></span> <span class='ocrx_word' id='word_1_253' title='bbox 514 2814 649 2875; x_wconf 89' lang='lat' dir='ltr'><strong>studium</strong></span> <span class='ocrx_word' id='word_1_254' title='bbox 666 2831 688 2873; x_wconf 88' lang='lat' dir='ltr'><strong>s.</strong></span> <span class='ocrx_word' id='word_1_255' title='bbox 705 2813 883 2889; x_wconf 85' lang='lat' dir='ltr'><strong>Scripturas,</strong></span> <span class='ocrx_word' id='word_1_256' title='bbox 901 2830 961 2887; x_wconf 90' lang='lat' dir='ltr'><strong>qua</strong></span> <span class='ocrx_word' id='word_1_257' title='bbox 987 2812 1148 2873; x_wconf 89' lang='lat' dir='ltr'><strong>traditione</strong></span> <span class='ocrx_word' id='word_1_258' title='bbox 1157 2815 1279 2875; x_wconf 78' lang='lat' dir='ltr'><strong>heberet</strong></span> <span class='ocrx_word' id='word_1_259' title='bbox 1294 2817 1325 2874; x_wconf 89' lang='lat' dir='ltr'><strong>st</strong></span> <span class='ocrx_word' id='word_1_260' title='bbox 1340 2835 1417 2894; x_wconf 89' lang='lat' dir='ltr'><strong>quse</strong></span> <span class='ocrx_word' id='word_1_261' title='bbox 1433 2835 1467 2875; x_wconf 86' lang='lat' dir='ltr'><strong>ex</strong></span> <span class='ocrx_word' id='word_1_262' title='bbox 1483 2816 1630 2891; x_wconf 83' lang='lat' dir='ltr'><strong>parvitate</strong></span> 
     </span>
    </p>
   </div>
   <div class='ocr_carea' id='block_1_3' title="bbox 316 2901 1739 2980">
    <p class='ocr_par' dir='ltr' id='par_1_3' title="bbox 316 2901 1739 2980">
     <span class='ocr_line' id='line_1_26' title="bbox 316 2901 1739 2980; baseline -0.001 -15"><span class='ocrx_word' id='word_1_263' title='bbox 316 2907 468 2966; x_wconf 83' lang='lat' dir='ltr'><strong>occasione</strong></span> <span class='ocrx_word' id='word_1_264' title='bbox 484 2924 519 2966; x_wconf 87' lang='lat' dir='ltr'><strong>ex</strong></span> <span class='ocrx_word' id='word_1_265' title='bbox 535 2923 558 2965; x_wconf 92' lang='lat' dir='ltr'><strong>s.</strong></span> <span class='ocrx_word' id='word_1_266' title='bbox 574 2903 800 2980; x_wconf 81' lang='lat' dir='ltr'><strong>Augustino</strong></span> <span class='ocrx_word' id='word_1_267' title='bbox 815 2902 851 2960; x_wconf 92' lang='lat' dir='ltr'><strong>de</strong></span> <span class='ocrx_word' id='word_1_268' title='bbox 866 2901 959 2962; x_wconf 86' lang='lat' dir='ltr'><strong>doctr.</strong></span> <span class='ocrx_word' id='word_1_269' title='bbox 987 2906 1091 2961; x_wconf 90' lang='lat' dir='ltr'><strong>nostra</strong></span> <span class='ocrx_word' id='word_1_270' title='bbox 1105 2902 1176 2963; x_wconf 86' lang='lat' dir='ltr'><strong>licet</strong></span> <span class='ocrx_word' id='word_1_271' title='bbox 1187 2922 1320 2965; x_wconf 87' lang='lat' dir='ltr'><strong>sermone</strong></span> <span class='ocrx_word' id='word_1_272' title='bbox 1330 2906 1453 2978; x_wconf 88' lang='lat' dir='ltr'><strong>rustico,</strong></span> <span class='ocrx_word' id='word_1_273' title='bbox 1470 2909 1578 2974; x_wconf 63' lang='lat' dir='ltr'><strong>umen,</strong></span> <span class='ocrx_word' id='word_1_274' title='bbox 1594 2907 1631 2963; x_wconf 89' lang='lat' dir='ltr'><strong>ut</strong></span> <span class='ocrx_word' id='word_1_275' title='bbox 1738 2931 1739 2936; x_wconf 42' lang='lat'>¹</span> 
     </span>
    </p>
   </div>
   <div class='ocr_carea' id='block_1_4' title="bbox 315 2989 1633 4854">
    <p class='ocr_par' dir='ltr' id='par_1_4' title="bbox 315 2989 1633 4674">
     <span class='ocr_line' id='line_1_27' title="bbox 317 2989 1629 3072; baseline 0 -18"><span class='ocrx_word' id='word_1_276' title='bbox 317 2995 377 3054; x_wconf 86' lang='lat' dir='ltr'><strong>chr.</strong></span> <span class='ocrx_word' id='word_1_277' title='bbox 393 2995 448 3067; x_wconf 86' lang='lat' dir='ltr'><strong>lll,</strong></span> <span class='ocrx_word' id='word_1_278' title='bbox 472 3004 490 3056; x_wconf 83' lang='lat'>2</span> <span class='ocrx_word' id='word_1_279' title='bbox 508 3013 546 3057; x_wconf 89' lang='lat' dir='ltr'><strong>ss.</strong></span> <span class='ocrx_word' id='word_1_280' title='bbox 568 2993 690 3070; x_wconf 90' lang='lat' dir='ltr'><strong>regulas</strong></span> <span class='ocrx_word' id='word_1_281' title='bbox 704 2991 878 3068; x_wconf 81' lang='lat' dir='ltr'><strong>praecipuus</strong></span> <span class='ocrx_word' id='word_1_282' title='bbox 892 2989 959 3049; x_wconf 87' lang='lat' dir='ltr'><strong>her·</strong></span> <span class='ocrx_word' id='word_1_283' title='bbox 987 2991 1084 3062; x_wconf 87' lang='lat' dir='ltr'><strong>credo,</strong></span> <span class='ocrx_word' id='word_1_284' title='bbox 1108 3010 1198 3052; x_wconf 89' lang='lat' dir='ltr'><strong>seusu</strong></span> <span class='ocrx_word' id='word_1_285' title='bbox 1220 2993 1365 3054; x_wconf 84' lang='lat' dir='ltr'><strong>catholico</strong></span> <span class='ocrx_word' id='word_1_286' title='bbox 1388 2996 1524 3072; x_wconf 80' lang='lat' dir='ltr'><strong>exposita</strong></span> <span class='ocrx_word' id='word_1_287' title='bbox 1546 2994 1629 3054; x_wconf 84' lang='lat' dir='ltr'><strong>inve-</strong></span> 
     </span>
     <span class='ocr_line' id='line_1_28' title="bbox 316 3079 1629 3158; baseline 0.002 -16"><span class='ocrx_word' id='word_1_288' title='bbox 316 3086 500 3144; x_wconf 86' lang='lat' dir='ltr'><strong>meneutices</strong></span> <span class='ocrx_word' id='word_1_289' title='bbox 514 3083 624 3153; x_wconf 82' lang='lat' dir='ltr'><strong>tradit3</strong></span> <span class='ocrx_word' id='word_1_290' title='bbox 643 3079 797 3140; x_wconf 84' lang='lat' dir='ltr'><strong>scientiam</strong></span> <span class='ocrx_word' id='word_1_291' title='bbox 813 3079 960 3156; x_wconf 89' lang='lat' dir='ltr'><strong>interpre·</strong></span> <span class='ocrx_word' id='word_1_292' title='bbox 987 3081 1097 3145; x_wconf 57' lang='lat' dir='ltr'><strong>niret}</strong></span> <span class='ocrx_word' id='word_1_293' title='bbox 1128 3081 1206 3141; x_wconf 91' lang='lat' dir='ltr'><strong>Hinc</strong></span> <span class='ocrx_word' id='word_1_294' title='bbox 1228 3083 1293 3158; x_wconf 90' lang='lat' dir='ltr'><strong>ejus</strong></span> <span class='ocrx_word' id='word_1_295' title='bbox 1315 3083 1521 3144; x_wconf 89' lang='lat' dir='ltr'><strong>commentarii</strong></span> <span class='ocrx_word' id='word_1_296' title='bbox 1537 3083 1629 3144; x_wconf 88' lang='lat' dir='ltr'><strong>ratio-</strong></span> 
     </span>
     <span class='ocr_line' id='line_1_29' title="bbox 315 3169 1630 3250; baseline 0 -18"><span class='ocrx_word' id='word_1_297' title='bbox 315 3173 400 3232; x_wconf 86' lang='lat' dir='ltr'><strong>tsndi</strong></span> <span class='ocrx_word' id='word_1_298' title='bbox 415 3177 518 3250; x_wconf 79' lang='lat' dir='ltr'><strong>poetas</strong></span> <span class='ocrx_word' id='word_1_299' title='bbox 533 3178 624 3248; x_wconf 86' lang='lat' dir='ltr'><strong>atque</strong></span> <span class='ocrx_word' id='word_1_300' title='bbox 646 3170 805 3230; x_wconf 91' lang='lat' dir='ltr'><strong>historicos</strong></span> <span class='ocrx_word' id='word_1_301' title='bbox 826 3173 857 3228; x_wconf 92' lang='lat' dir='ltr'><strong>et</strong></span> <span class='ocrx_word' id='word_1_302' title='bbox 878 3172 957 3228; x_wconf 87' lang='lat' dir='ltr'><strong>recte</strong></span> <span class='ocrx_word' id='word_1_303' title='bbox 988 3189 1056 3229; x_wconf 89' lang='lat' dir='ltr'><strong>uem</strong></span> <span class='ocrx_word' id='word_1_304' title='bbox 1073 3169 1184 3229; x_wconf 87' lang='lat' dir='ltr'><strong>habent</strong></span> <span class='ocrx_word' id='word_1_305' title='bbox 1198 3175 1327 3244; x_wconf 84' lang='lat' dir='ltr'><strong>catenes,</strong></span> <span class='ocrx_word' id='word_1_306' title='bbox 1350 3173 1381 3232; x_wconf 90' lang='lat' dir='ltr'><strong>in</strong></span> <span class='ocrx_word' id='word_1_307' title='bbox 1397 3174 1561 3250; x_wconf 81' lang='lat' dir='ltr'><strong>quostiam</strong></span> <span class='ocrx_word' id='word_1_308' title='bbox 1579 3191 1630 3248; x_wconf 88' lang='lat' dir='ltr'><strong>pa·</strong></span> 
     </span>
     <span class='ocr_line' id='line_1_30' title="bbox 317 3255 1629 3340; baseline -0.002 -18"><span class='ocrx_word' id='word_1_309' title='bbox 317 3263 468 3322; x_wconf 73' lang='lat' dir='ltr'><strong>ecdbendi</strong></span> <span class='ocrx_word' id='word_1_310' title='bbox 489 3260 693 3337; x_wconf 85' lang='lat' dir='ltr'><strong>loquendique</strong></span> <span class='ocrx_word' id='word_1_311' title='bbox 713 3258 868 3329; x_wconf 88' lang='lat' dir='ltr'><strong>rationem,</strong></span> <span class='ocrx_word' id='word_1_312' title='bbox 891 3257 958 3316; x_wconf 90' lang='lat' dir='ltr'><strong>rhs-</strong></span> <span class='ocrx_word' id='word_1_313' title='bbox 988 3262 1071 3318; x_wconf 88' lang='lat' dir='ltr'><strong>trum</strong></span> <span class='ocrx_word' id='word_1_314' title='bbox 1094 3255 1280 3339; x_wconf 88' lang='lat' dir='ltr'><strong>(praesertim</strong></span> <span class='ocrx_word' id='word_1_315' title='bbox 1304 3279 1343 3324; x_wconf 91' lang='lat' dir='ltr'><strong>ss.</strong></span> <span class='ocrx_word' id='word_1_316' title='bbox 1359 3262 1542 3340; x_wconf 82' lang='lat' dir='ltr'><strong>Hieronymi,</strong></span> <span class='ocrx_word' id='word_1_317' title='bbox 1565 3263 1629 3320; x_wconf 83' lang='lat' dir='ltr'><strong>Au·</strong></span> 
     </span>
     <span class='ocr_line' id='line_1_31' title="bbox 315 3346 1631 3433; baseline -0.001 -21"><span class='ocrx_word' id='word_1_318' title='bbox 315 3352 441 3412; x_wconf 81' lang='lat' dir='ltr'><strong>turicum</strong></span> <span class='ocrx_word' id='word_1_319' title='bbox 464 3355 497 3411; x_wconf 89' lang='lat' dir='ltr'><strong>et</strong></span> <span class='ocrx_word' id='word_1_320' title='bbox 520 3349 712 3418; x_wconf 88' lang='lat' dir='ltr'><strong>dialecticam,</strong></span> <span class='ocrx_word' id='word_1_321' title='bbox 744 3346 959 3406; x_wconf 87' lang='lat' dir='ltr'><strong>arithmeticam</strong></span> <span class='ocrx_word' id='word_1_322' title='bbox 987 3348 1103 3425; x_wconf 82' lang='lat' dir='ltr'><strong>gustini</strong></span> <span class='ocrx_word' id='word_1_323' title='bbox 1134 3352 1165 3408; x_wconf 87' lang='lat' dir='ltr'><strong>et</strong></span> <span class='ocrx_word' id='word_1_324' title='bbox 1195 3349 1329 3427; x_wconf 83' lang='lat' dir='ltr'><strong>Gregorii</strong></span> <span class='ocrx_word' id='word_1_325' title='bbox 1353 3347 1406 3433; x_wconf 81' lang='lat' dir='ltr'><strong>M.)</strong></span> <span class='ocrx_word' id='word_1_326' title='bbox 1437 3352 1569 3411; x_wconf 87' lang='lat' dir='ltr'><strong>diversas</strong></span> <span class='ocrx_word' id='word_1_327' title='bbox 1599 3360 1631 3410; x_wconf 83' lang='lat' dir='ltr'><strong>et</strong></span> 
     </span>
     <span class='ocr_line' id='line_1_32' title="bbox 316 3436 1632 3519; baseline -0.002 -18"><span class='ocrx_word' id='word_1_328' title='bbox 316 3440 578 3510; x_wconf 88' lang='lat' dir='ltr'><strong>etastronomiam,</strong></span> <span class='ocrx_word' id='word_1_329' title='bbox 589 3437 717 3497; x_wconf 82' lang='lat' dir='ltr'><strong>virtutes</strong></span> <span class='ocrx_word' id='word_1_330' title='bbox 728 3436 893 3496; x_wconf 73' lang='lat' dir='ltr'><strong>cardinales</strong></span> <span class='ocrx_word' id='word_1_331' title='bbox 904 3438 959 3495; x_wconf 89' lang='lat' dir='ltr'><strong>etc.</strong></span> <span class='ocrx_word' id='word_1_332' title='bbox 988 3438 1140 3514; x_wconf 88' lang='lat' dir='ltr'><strong>oppositas</strong></span> <span class='ocrx_word' id='word_1_333' title='bbox 1166 3439 1378 3516; x_wconf 85' lang='lat' dir='ltr'><strong>explicationes</strong></span> <span class='ocrx_word' id='word_1_334' title='bbox 1403 3441 1563 3519; x_wconf 82' lang='lat' dir='ltr'><strong>congessit,</strong></span> <span class='ocrx_word' id='word_1_335' title='bbox 1594 3442 1632 3499; x_wconf 86' lang='lat' dir='ltr'><strong>ut</strong></span> 
     </span>
     <span class='ocr_line' id='line_1_33' title="bbox 316 3526 1633 3608; baseline -0.002 -18"><span class='ocrx_word' id='word_1_336' title='bbox 316 3529 433 3590; x_wconf 90' lang='lat' dir='ltr'><strong>Prodiit</strong></span> <span class='ocrx_word' id='word_1_337' title='bbox 462 3529 585 3590; x_wconf 88' lang='lat' dir='ltr'><strong>seorsim</strong></span> <span class='ocrx_word' id='word_1_338' title='bbox 615 3526 751 3588; x_wconf 79' lang='lat' dir='ltr'><strong>Coloniae</strong></span> <span class='ocrx_word' id='word_1_339' title='bbox 779 3535 862 3589; x_wconf 84' lang='lat'>1532</span> <span class='ocrx_word' id='word_1_340' title='bbox 888 3527 959 3594; x_wconf 76' lang='lat' dir='ltr'><strong>etc,</strong></span> <span class='ocrx_word' id='word_1_341' title='bbox 987 3528 1081 3586; x_wconf 89' lang='lat' dir='ltr'><strong>lector</strong></span> <span class='ocrx_word' id='word_1_342' title='bbox 1104 3529 1203 3602; x_wconf 87' lang='lat' dir='ltr'><strong>possit</strong></span> <span class='ocrx_word' id='word_1_343' title='bbox 1227 3529 1263 3589; x_wconf 91' lang='lat' dir='ltr'><strong>de</strong></span> <span class='ocrx_word' id='word_1_344' title='bbox 1288 3529 1417 3608; x_wconf 89' lang='lat' dir='ltr'><strong>singulis</strong></span> <span class='ocrx_word' id='word_1_345' title='bbox 1438 3530 1573 3606; x_wconf 88' lang='lat' dir='ltr'><strong>judicare</strong></span> <span class='ocrx_word' id='word_1_346' title='bbox 1600 3533 1633 3588; x_wconf 90' lang='lat' dir='ltr'><strong>et</strong></span> 
     </span>
     <span class='ocr_line' id='line_1_34' title="bbox 316 3613 1630 3700; baseline -0.001 -21"><span class='ocrx_word' id='word_1_347' title='bbox 316 3623 434 3679; x_wconf 83' lang='lat' dir='ltr'><strong>textum</strong></span> <span class='ocrx_word' id='word_1_348' title='bbox 448 3618 608 3686; x_wconf 89' lang='lat' dir='ltr'><strong>recensuit,</strong></span> <span class='ocrx_word' id='word_1_349' title='bbox 617 3615 861 3675; x_wconf 87' lang='lat' dir='ltr'><strong>adnotationibus</strong></span> <span class='ocrx_word' id='word_1_350' title='bbox 872 3613 958 3674; x_wconf 85' lang='lat' dir='ltr'><strong>criti·</strong></span> <span class='ocrx_word' id='word_1_351' title='bbox 988 3615 1060 3692; x_wconf 89' lang='lat' dir='ltr'><strong>quid</strong></span> <span class='ocrx_word' id='word_1_352' title='bbox 1077 3616 1136 3675; x_wconf 90' lang='lat' dir='ltr'><strong>sihi</strong></span> <span class='ocrx_word' id='word_1_353' title='bbox 1152 3617 1305 3679; x_wconf 83' lang='lat' dir='ltr'><strong>rideretur</strong></span> <span class='ocrx_word' id='word_1_354' title='bbox 1320 3619 1396 3679; x_wconf 90' lang='lat' dir='ltr'><strong>utile</strong></span> <span class='ocrx_word' id='word_1_355' title='bbox 1413 3637 1530 3679; x_wconf 85' lang='lat' dir='ltr'><strong>sumere</strong></span> <span class='ocrx_word' id='word_1_356' title='bbox 1539 3616 1570 3700; x_wconf 85' lang='lat'><strong>¹).</strong></span> <span class='ocrx_word' id='word_1_357' title='bbox 1586 3651 1630 3663; x_wconf 89' lang='lat'>-</span> 
     </span>
     <span class='ocr_line' id='line_1_35' title="bbox 316 3702 1630 3785; baseline -0.002 -18"><span class='ocrx_word' id='word_1_358' title='bbox 316 3709 360 3767; x_wconf 92' lang='lat' dir='ltr'><strong>cis</strong></span> <span class='ocrx_word' id='word_1_359' title='bbox 393 3712 426 3767; x_wconf 90' lang='lat' dir='ltr'><strong>et</strong></span> <span class='ocrx_word' id='word_1_360' title='bbox 461 3706 620 3785; x_wconf 87' lang='lat' dir='ltr'><strong>exegeticis</strong></span> <span class='ocrx_word' id='word_1_361' title='bbox 651 3703 823 3772; x_wconf 82' lang='lat' dir='ltr'><strong>illustravit,</strong></span> <span class='ocrx_word' id='word_1_362' title='bbox 863 3702 958 3762; x_wconf 88' lang='lat' dir='ltr'><strong>intro·</strong></span> <span class='ocrx_word' id='word_1_363' title='bbox 988 3705 1196 3782; x_wconf 87' lang='lat' dir='ltr'><strong>llisoperibus</strong></span> <span class='ocrx_word' id='word_1_364' title='bbox 1212 3707 1630 3785; x_wconf 82' lang='lat' dir='ltr'><strong>instlcripturamaddsntur</strong></span> 
     </span>
     <span class='ocr_line' id='line_1_36' title="bbox 317 3791 1629 3880; baseline 0.001 -24"><span class='ocrx_word' id='word_1_365' title='bbox 317 3797 489 3857; x_wconf 88' lang='lat' dir='ltr'><strong>ductionem</strong></span> <span class='ocrx_word' id='word_1_366' title='bbox 500 3841 506 3849; x_wconf 87' lang='lat'><strong>.</strong></span> <span class='ocrx_word' id='word_1_367' title='bbox 518 3798 609 3871; x_wconf 86' lang='lat' dir='ltr'><strong>atque</strong></span> <span class='ocrx_word' id='word_1_368' title='bbox 632 3792 761 3854; x_wconf 89' lang='lat' dir='ltr'><strong>indicem</strong></span> <span class='ocrx_word' id='word_1_369' title='bbox 785 3791 901 3850; x_wconf 88' lang='lat' dir='ltr'><strong>addidit</strong></span> <span class='ocrx_word' id='word_1_370' title='bbox 924 3793 959 3854; x_wconf 75' lang='lat' dir='ltr'><strong>A.</strong></span> <span class='ocrx_word' id='word_1_371' title='bbox 987 3795 1122 3854; x_wconf 74' lang='lat' dir='ltr'><strong>homiliae</strong></span> <span class='ocrx_word' id='word_1_372' title='bbox 1137 3791 1230 3880; x_wconf 83' lang='grc'>(163)</span> <span class='ocrx_word' id='word_1_373' title='bbox 1248 3798 1280 3856; x_wconf 91' lang='lat' dir='ltr'><strong>in</strong></span> <span class='ocrx_word' id='word_1_374' title='bbox 1296 3797 1457 3876; x_wconf 82' lang='lat' dir='ltr'><strong>Evangelia</strong></span> <span class='ocrx_word' id='word_1_375' title='bbox 1472 3803 1503 3856; x_wconf 91' lang='lat' dir='ltr'><strong>st</strong></span> <span class='ocrx_word' id='word_1_376' title='bbox 1517 3798 1629 3874; x_wconf 86' lang='lat' dir='ltr'><strong>episte-</strong></span> 
     </span>
     <span class='ocr_line' id='line_1_37' title="bbox 318 3881 1628 3964; baseline 0.001 -19"><span class='ocrx_word' id='word_1_377' title='bbox 318 3885 522 3964; x_wconf 83' lang='lat' dir='ltr'><strong>Kndpfler,</strong></span> <span class='ocrx_word' id='word_1_378' title='bbox 546 3883 693 3944; x_wconf 85' lang='lat' dir='ltr'><strong>Mhnchen</strong></span> <span class='ocrx_word' id='word_1_379' title='bbox 719 3891 813 3945; x_wconf 84' lang='lat'><strong>1901.</strong></span> <span class='ocrx_word' id='word_1_380' title='bbox 851 3881 959 3941; x_wconf 75' lang='lat' dir='ltr'><strong>Affinis</strong></span> <span class='ocrx_word' id='word_1_381' title='bbox 987 3883 1164 3944; x_wconf 83' lang='lat' dir='ltr'><strong>taediorum</strong></span> <span class='ocrx_word' id='word_1_382' title='bbox 1185 3886 1401 3947; x_wconf 88' lang='lat' dir='ltr'><strong>dominicorum</strong></span> <span class='ocrx_word' id='word_1_383' title='bbox 1422 3891 1453 3946; x_wconf 92' lang='lat' dir='ltr'><strong>et</strong></span> <span class='ocrx_word' id='word_1_384' title='bbox 1475 3887 1628 3957; x_wconf 86' lang='lat' dir='ltr'><strong>festorum,</strong></span> 
     </span>
     <span class='ocr_line' id='line_1_38' title="bbox 317 3970 1630 4057; baseline -0.002 -23"><span class='ocrx_word' id='word_1_385' title='bbox 317 3975 488 4053; x_wconf 89' lang='lat' dir='ltr'><strong>argumenti</strong></span> <span class='ocrx_word' id='word_1_386' title='bbox 503 3980 577 4034; x_wconf 88' lang='lat' dir='ltr'><strong>suut</strong></span> <span class='ocrx_word' id='word_1_387' title='bbox 590 3974 609 4032; x_wconf 95' lang='lat' dir='ltr'><strong>l.</strong></span> <span class='ocrx_word' id='word_1_388' title='bbox 633 3975 668 4031; x_wconf 81' lang='lat' dir='ltr'><strong>de</strong></span> <span class='ocrx_word' id='word_1_389' title='bbox 685 3973 780 4031; x_wconf 83' lang='lat' dir='ltr'><strong>sacris</strong></span> <span class='ocrx_word' id='word_1_390' title='bbox 795 3971 958 4046; x_wconf 79' lang='lat' dir='ltr'><strong>ordinibus,</strong></span> <span class='ocrx_word' id='word_1_391' title='bbox 986 3976 1105 4048; x_wconf 87' lang='lat' dir='ltr'><strong>praeter</strong></span> <span class='ocrx_word' id='word_1_392' title='bbox 1127 3992 1202 4049; x_wconf 88' lang='lat' dir='ltr'><strong>quas</strong></span> <span class='ocrx_word' id='word_1_393' title='bbox 1221 3975 1296 4034; x_wconf 87' lang='lat' dir='ltr'><strong>aliae</strong></span> <span class='ocrx_word' id='word_1_394' title='bbox 1312 3970 1383 4057; x_wconf 83' lang='grc'>(70)</span> <span class='ocrx_word' id='word_1_395' title='bbox 1408 3978 1572 4051; x_wconf 87' lang='lat' dir='ltr'><strong>supersunt</strong></span> <span class='ocrx_word' id='word_1_396' title='bbox 1593 3975 1630 4033; x_wconf 92' lang='lat' dir='ltr'><strong>de</strong></span> 
     </span>
     <span class='ocr_line' id='line_1_39' title="bbox 317 4059 1630 4140; baseline -0.002 -16"><span class='ocrx_word' id='word_1_397' title='bbox 317 4063 510 4124; x_wconf 86' lang='lat' dir='ltr'><strong>sacramentis</strong></span> <span class='ocrx_word' id='word_1_398' title='bbox 524 4063 635 4122; x_wconf 83' lang='lat' dir='ltr'><strong>divinis</strong></span> <span class='ocrx_word' id='word_1_399' title='bbox 655 4064 689 4127; x_wconf 86' lang='lat' dir='ltr'><strong>et</strong></span> <span class='ocrx_word' id='word_1_400' title='bbox 707 4059 897 4120; x_wconf 76' lang='lat' dir='ltr'><strong>uestimentis</strong></span> <span class='ocrx_word' id='word_1_401' title='bbox 912 4077 959 4117; x_wconf 91' lang='lat' dir='ltr'><strong>sa·</strong></span> <span class='ocrx_word' id='word_1_402' title='bbox 987 4062 1072 4120; x_wconf 85' lang='lat' dir='ltr'><strong>festis</strong></span> <span class='ocrx_word' id='word_1_403' title='bbox 1086 4063 1253 4140; x_wconf 85' lang='lat' dir='ltr'><strong>praecipuis</strong></span> <span class='ocrx_word' id='word_1_404' title='bbox 1269 4068 1300 4124; x_wconf 90' lang='lat' dir='ltr'><strong>et</strong></span> <span class='ocrx_word' id='word_1_405' title='bbox 1315 4065 1351 4124; x_wconf 88' lang='lat' dir='ltr'><strong>de</strong></span> <span class='ocrx_word' id='word_1_406' title='bbox 1362 4065 1537 4128; x_wconf 80' lang='lat' dir='ltr'><strong>virtutihus.</strong></span> <span class='ocrx_word' id='word_1_407' title='bbox 1555 4082 1630 4138; x_wconf 80' lang='lat' dir='ltr'><strong>quoe</strong></span> 
     </span>
     <span class='ocr_line' id='line_1_40' title="bbox 317 4149 1630 4234; baseline -0.003 -21"><span class='ocrx_word' id='word_1_408' title='bbox 317 4149 958 4233; x_wconf 70' lang='lat' dir='ltr'><strong>carceralibusfflignscxltrres-1192),</strong></span> <span class='ocrx_word' id='word_1_409' title='bbox 987 4169 1089 4210; x_wconf 89' lang='lat' dir='ltr'><strong>omnes</strong></span> <span class='ocrx_word' id='word_1_410' title='bbox 1114 4151 1174 4211; x_wconf 86' lang='lat' dir='ltr'><strong>fere</strong></span> <span class='ocrx_word' id='word_1_411' title='bbox 1197 4155 1270 4212; x_wconf 88' lang='lat' dir='ltr'><strong>suut</strong></span> <span class='ocrx_word' id='word_1_412' title='bbox 1293 4160 1341 4214; x_wconf 89' lang='lat' dir='ltr'><strong>sat</strong></span> <span class='ocrx_word' id='word_1_413' title='bbox 1361 4155 1466 4214; x_wconf 81' lang='lat' dir='ltr'><strong>breves</strong></span> <span class='ocrx_word' id='word_1_414' title='bbox 1487 4150 1630 4234; x_wconf 81' lang='lat' dir='ltr'><strong>(iligna</strong></span> 
     </span>
     <span class='ocr_line' id='line_1_41' title="bbox 317 4235 1629 4323; baseline -0.002 -22"><span class='ocrx_word' id='word_1_415' title='bbox 317 4247 349 4301; x_wconf 87' lang='lat' dir='ltr'><strong>et</strong></span> <span class='ocrx_word' id='word_1_416' title='bbox 362 4243 398 4302; x_wconf 78' lang='lat' dir='ltr'><strong>de</strong></span> <span class='ocrx_word' id='word_1_417' title='bbox 412 4243 570 4306; x_wconf 78' lang='lat' dir='ltr'><strong>disciplina</strong></span> <span class='ocrx_word' id='word_1_418' title='bbox 584 4241 773 4300; x_wconf 72' lang='lat' dir='ltr'><strong>xotseiosticc</strong></span> <span class='ocrx_word' id='word_1_419' title='bbox 795 4239 826 4302; x_wconf 91' lang='lat' dir='ltr'><strong>ll.</strong></span> <span class='ocrx_word' id='word_1_420' title='bbox 842 4238 886 4295; x_wconf 91' lang='lat' dir='ltr'><strong>Ill</strong></span> <span class='ocrx_word' id='word_1_421' title='bbox 904 4235 957 4317; x_wconf 84' lang='lat' dir='ltr'><strong>(ib.</strong></span> <span class='ocrx_word' id='word_1_422' title='bbox 987 4240 1042 4310; x_wconf 80' lang='lat' dir='ltr'><strong>CX,</strong></span> <span class='ocrx_word' id='word_1_423' title='bbox 1055 4235 1215 4323; x_wconf 84' lang='grc'>9-468);</span> <span class='ocrx_word' id='word_1_424' title='bbox 1232 4241 1307 4301; x_wconf 90' lang='lat' dir='ltr'><strong>aliae</strong></span> <span class='ocrx_word' id='word_1_425' title='bbox 1316 4261 1376 4302; x_wconf 92' lang='lat' dir='ltr'><strong>non</strong></span> <span class='ocrx_word' id='word_1_426' title='bbox 1385 4243 1513 4318; x_wconf 87' lang='lat' dir='ltr'><strong>amplius</strong></span> <span class='ocrx_word' id='word_1_427' title='bbox 1524 4259 1629 4317; x_wconf 89' lang='lat' dir='ltr'><strong>super·</strong></span> 
     </span>
     <span class='ocr_line' id='line_1_42' title="bbox 321 4327 1629 4411; baseline 0.004 -25"><span class='ocrx_word' id='word_1_428' title='bbox 321 4327 563 4411; x_wconf 81' lang='lat'><strong>1191—1262),</strong></span> <span class='ocrx_word' id='word_1_429' title='bbox 587 4331 648 4390; x_wconf 89' lang='lat' dir='ltr'><strong>scil.</strong></span> <span class='ocrx_word' id='word_1_430' title='bbox 671 4328 708 4388; x_wconf 92' lang='lat' dir='ltr'><strong>de</strong></span> <span class='ocrx_word' id='word_1_431' title='bbox 730 4327 822 4386; x_wconf 90' lang='lat' dir='ltr'><strong>sacris</strong></span> <span class='ocrx_word' id='word_1_432' title='bbox 845 4327 958 4387; x_wconf 87' lang='lat' dir='ltr'><strong>ordini·</strong></span> <span class='ocrx_word' id='word_1_433' title='bbox 987 4333 1066 4387; x_wconf 90' lang='lat' dir='ltr'><strong>sunt.</strong></span> <span class='ocrx_word' id='word_1_434' title='bbox 1093 4361 1135 4372; x_wconf 93' lang='lat'><em>-</em></span> <span class='ocrx_word' id='word_1_435' title='bbox 1160 4331 1324 4406; x_wconf 72' lang='lat' dir='ltr'><strong>Allegorios</strong></span> <span class='ocrx_word' id='word_1_436' title='bbox 1354 4331 1386 4390; x_wconf 87' lang='lat' dir='ltr'><strong>iu</strong></span> <span class='ocrx_word' id='word_1_437' title='bbox 1411 4332 1579 4392; x_wconf 82' lang='lat' dir='ltr'><strong>universum</strong></span> <span class='ocrx_word' id='word_1_438' title='bbox 1605 4347 1629 4392; x_wconf 85' lang='lat' dir='ltr'><strong>s.</strong></span> 
     </span>
     <span class='ocr_line' id='line_1_43' title="bbox 317 4412 1628 4500; baseline 0.002 -20"><span class='ocrx_word' id='word_1_439' title='bbox 317 4421 383 4492; x_wconf 88' lang='lat' dir='ltr'><strong>hus,</strong></span> <span class='ocrx_word' id='word_1_440' title='bbox 407 4420 444 4479; x_wconf 90' lang='lat' dir='ltr'><strong>de</strong></span> <span class='ocrx_word' id='word_1_441' title='bbox 465 4421 642 4480; x_wconf 82' lang='lat' dir='ltr'><strong>catechismo</strong></span> <span class='ocrx_word' id='word_1_442' title='bbox 658 4421 689 4476; x_wconf 91' lang='lat' dir='ltr'><strong>et</strong></span> <span class='ocrx_word' id='word_1_443' title='bbox 705 4418 896 4477; x_wconf 86' lang='lat' dir='ltr'><strong>sacramentis</strong></span> <span class='ocrx_word' id='word_1_444' title='bbox 912 4415 958 4474; x_wconf 90' lang='lat' dir='ltr'><strong>di·</strong></span> <span class='ocrx_word' id='word_1_445' title='bbox 986 4418 1170 4493; x_wconf 88' lang='lat' dir='ltr'><strong>Scripturam</strong></span> <span class='ocrx_word' id='word_1_446' title='bbox 1186 4416 1326 4500; x_wconf 88' lang='lat' dir='ltr'><strong>(lligne</strong></span> <span class='ocrx_word' id='word_1_447' title='bbox 1342 4418 1426 4491; x_wconf 80' lang='lat' dir='ltr'><strong>oxu,</strong></span> <span class='ocrx_word' id='word_1_448' title='bbox 1445 4412 1628 4500; x_wconf 68' lang='lat' dir='ltr'><strong>Sta-1088)</strong></span> 
     </span>
     <span class='ocr_line' id='line_1_44' title="bbox 316 4506 1629 4587; baseline -0.002 -18"><span class='ocrx_word' id='word_1_449' title='bbox 316 4509 406 4580; x_wconf 78' lang='lat' dir='ltr'><strong>sinis,</strong></span> <span class='ocrx_word' id='word_1_450' title='bbox 437 4509 474 4570; x_wconf 90' lang='lat' dir='ltr'><strong>de</strong></span> <span class='ocrx_word' id='word_1_451' title='bbox 504 4527 599 4587; x_wconf 91' lang='lat' dir='ltr'><strong>agone</strong></span> <span class='ocrx_word' id='word_1_452' title='bbox 629 4507 799 4568; x_wconf 89' lang='lat' dir='ltr'><strong>christiano.</strong></span> <span class='ocrx_word' id='word_1_453' title='bbox 838 4506 959 4564; x_wconf 83' lang='lat' dir='ltr'><strong>Tractat</strong></span> <span class='ocrx_word' id='word_1_454' title='bbox 985 4506 1171 4583; x_wconf 84' lang='lat' dir='ltr'><strong>alphabetico</strong></span> <span class='ocrx_word' id='word_1_455' title='bbox 1181 4509 1355 4585; x_wconf 85' lang='lat' dir='ltr'><strong>dispositae,</strong></span> <span class='ocrx_word' id='word_1_456' title='bbox 1371 4508 1403 4567; x_wconf 90' lang='lat' dir='ltr'><strong>in</strong></span> <span class='ocrx_word' id='word_1_457' title='bbox 1418 4508 1529 4584; x_wconf 89' lang='lat' dir='ltr'><strong>quibus</strong></span> <span class='ocrx_word' id='word_1_458' title='bbox 1545 4525 1629 4584; x_wconf 88' lang='lat' dir='ltr'><strong>prae·</strong></span> 
     </span>
     <span class='ocr_line' id='line_1_45' title="bbox 316 4594 960 4674; baseline -0.008 -16"><span class='ocrx_word' id='word_1_459' title='bbox 316 4601 418 4658; x_wconf 87' lang='lat' dir='ltr'><strong>autem</strong></span> <span class='ocrx_word' id='word_1_460' title='bbox 440 4599 478 4658; x_wconf 90' lang='lat' dir='ltr'><strong>de</strong></span> <span class='ocrx_word' id='word_1_461' title='bbox 499 4599 589 4659; x_wconf 86' lang='lat' dir='ltr'><strong>rebus</strong></span> <span class='ocrx_word' id='word_1_462' title='bbox 611 4594 759 4674; x_wconf 86' lang='lat' dir='ltr'><strong>liturgicis</strong></span> <span class='ocrx_word' id='word_1_463' title='bbox 774 4595 907 4653; x_wconf 82' lang='lat' dir='ltr'><strong>breviter</strong></span> <span class='ocrx_word' id='word_1_464' title='bbox 928 4597 960 4653; x_wconf 92' lang='lat' dir='ltr'><strong>et</strong></span> 
     </span>
    </p>

    <p class='ocr_par' dir='ltr' id='par_1_5' title="bbox 316 4683 1629 4854">
     <span class='ocr_line' id='line_1_46' title="bbox 316 4683 1629 4791; baseline 0.001 -21"><span class='ocrx_word' id='word_1_465' title='bbox 316 4688 387 4748; x_wconf 59' lang='lat'><strong>⁸5¹⁰</strong></span> <span class='ocrx_word' id='word_1_466' title='bbox 402 4687 540 4791; x_wconf 69' lang='lat' dir='ltr'><strong>simplici</strong></span> <span class='ocrx_word' id='word_1_467' title='bbox 572 4689 614 4747; x_wconf 76' lang='lat'><strong>⁰0</strong></span> <span class='ocrx_word' id='word_1_468' title='bbox 636 4688 662 4790; x_wconf 84' lang='lat'><strong>¹·.</strong></span> <span class='ocrx_word' id='word_1_469' title='bbox 677 4688 712 4745; x_wconf 71' lang='lat' dir='ltr'><strong>ue</strong></span> <span class='ocrx_word' id='word_1_470' title='bbox 733 4683 874 4743; x_wconf 70' lang='lat' dir='ltr'><strong>acutum</strong></span> <span class='ocrx_word' id='word_1_471' title='bbox 883 4703 957 4760; x_wconf 69' lang='lat' dir='ltr'><strong>W·</strong></span> <span class='ocrx_word' id='word_1_472' title='bbox 1024 4718 1043 4788; x_wconf 89' lang='grc'><strong>1)</strong></span> <span class='ocrx_word' id='word_1_473' title='bbox 1057 4714 1098 4770; x_wconf 81' lang='lat' dir='ltr'><strong>cf.</strong></span> <span class='ocrx_word' id='word_1_474' title='bbox 1113 4715 1274 4783; x_wconf 68' lang='lat' dir='ltr'><strong>eornery</strong></span> <span class='ocrx_word' id='word_1_475' title='bbox 1288 4714 1360 4770; x_wconf 68' lang='lat' dir='ltr'><strong>nist.</strong></span> <span class='ocrx_word' id='word_1_476' title='bbox 1374 4710 1629 4772; x_wconf 79' lang='lat' dir='ltr'><strong>ctoricicaintrod.</strong></span> 
     </span>
     <span class='ocr_line' id='line_1_47' title="bbox 316 4782 1628 4854; baseline -0.002 -17"><span class='ocrx_word' id='word_1_477' title='bbox 316 4795 420 4837; x_wconf 76' lang='lat' dir='ltr'><strong>renem</strong></span> <span class='ocrx_word' id='word_1_478' title='bbox 431 4797 495 4854; x_wconf 83' lang='lat' dir='ltr'><strong>Jam</strong></span> <span class='ocrx_word' id='word_1_479' title='bbox 509 4795 601 4853; x_wconf 89' lang='lat' dir='ltr'><strong>supra</strong></span> <span class='ocrx_word' id='word_1_480' title='bbox 616 4793 734 4853; x_wconf 79' lang='lat' dir='ltr'><strong>egimus</strong></span> <span class='ocrx_word' id='word_1_481' title='bbox 748 4793 777 4850; x_wconf 85' lang='lat' dir='ltr'><strong>p.</strong></span> <span class='ocrx_word' id='word_1_482' title='bbox 795 4783 869 4837; x_wconf 78' lang='lat'><strong>788.</strong></span> <span class='ocrx_word' id='word_1_483' title='bbox 986 4788 1018 4841; x_wconf 85' lang='grc' dir='ltr'><strong>ΙΙ,</strong></span> <span class='ocrx_word' id='word_1_484' title='bbox 1030 4803 1053 4840; x_wconf 91' lang='lat' dir='ltr'><strong>c.</strong></span> <span class='ocrx_word' id='word_1_485' title='bbox 1067 4796 1085 4844; x_wconf 85' lang='lat'>4</span> <span class='ocrx_word' id='word_1_486' title='bbox 1098 4792 1186 4843; x_wconf 80' lang='lat' dir='ltr'><strong>n.·244</strong></span> <span class='ocrx_word' id='word_1_487' title='bbox 1199 4787 1243 4841; x_wconf 88' lang='lat' dir='ltr'><strong>ed.</strong></span> <span class='ocrx_word' id='word_1_488' title='bbox 1256 4795 1287 4847; x_wconf 75' lang='lat'><strong>2:</strong></span> <span class='ocrx_word' id='word_1_489' title='bbox 1303 4785 1393 4841; x_wconf 81' lang='lat' dir='ltr'><strong>Felk</strong></span> <span class='ocrx_word' id='word_1_490' title='bbox 1406 4785 1456 4840; x_wconf 87' lang='lat' dir='ltr'><strong>der</strong></span> <span class='ocrx_word' id='word_1_491' title='bbox 1468 4785 1496 4838; x_wconf 91' lang='lat' dir='ltr'><strong>h.</strong></span> <span class='ocrx_word' id='word_1_492' title='bbox 1509 4783 1540 4837; x_wconf 78' lang='lat' dir='ltr'><strong>u.</strong></span> <span class='ocrx_word' id='word_1_493' title='bbox 1552 4782 1628 4836; x_wconf 67' lang='lat' dir='ltr'><strong>Meu-</strong></span> 
     </span>
    </p>
   </div>
   <div class='ocr_carea' id='block_1_5' title="bbox 984 4855 1629 4928">
    <p class='ocr_par' dir='ltr' id='par_1_6' title="bbox 984 4855 1629 4928">
     <span class='ocr_line' id='line_1_48' title="bbox 984 4855 1629 4928; baseline -0.003 -16"><span class='ocrx_word' id='word_1_494' title='bbox 984 4876 1034 4913; x_wconf 90' lang='lat' dir='ltr'><strong>rus</strong></span> <span class='ocrx_word' id='word_1_495' title='bbox 1041 4857 1153 4928; x_wconf 80' lang='lat' dir='ltr'><strong>Exeget.</strong></span> <span class='ocrx_word' id='word_1_496' title='bbox 1164 4858 1285 4912; x_wconf 83' lang='lat' dir='ltr'><strong>Studien</strong></span> <span class='ocrx_word' id='word_1_497' title='bbox 1294 4858 1353 4913; x_wconf 88' lang='lat' dir='ltr'><strong>uod</strong></span> <span class='ocrx_word' id='word_1_498' title='bbox 1362 4855 1497 4912; x_wconf 83' lang='lat' dir='ltr'><strong>Mittheil.</strong></span> <span class='ocrx_word' id='word_1_499' title='bbox 1505 4855 1629 4910; x_wconf 86' lang='lat' dir='ltr'><strong>eusdem</strong></span> 
     </span>
    </p>
   </div>
   <div class='ocr_carea' id='block_1_6' title="bbox 914 4927 1628 5068">
    <p class='ocr_par' dir='ltr' id='par_1_7' title="bbox 373 4927 1628 5068">
     <span class='ocr_line' id='line_1_49' title="bbox 914 4927 1628 5068; baseline -0.025 1.206"><span class='ocrx_word' id='word_1_500' title='bbox 914 4953 957 5031; x_wconf 79' lang='lat'><strong>&lt;¹¹-</strong></span> <span class='ocrx_word' id='word_1_501' title='bbox 985 4927 1628 5068; x_wconf 51' lang='lat' dir='ltr'><strong>destitisse:uultures</strong></span> 
     </span>
    </p>
   </div>
   <div class='ocr_carea' id='block_1_7' title="bbox 317 5041 1627 5211">
    <p class='ocr_par' dir='ltr' id='par_1_8' title="bbox 317 5041 1627 5211">
     <span class='ocr_line' id='line_1_50' title="bbox 322 5041 1627 5144; baseline -0.005 -15"><span class='ocrx_word' id='word_1_502' title='bbox 322 5041 396 5126; x_wconf 82' lang='lat'>1⁷2)</span> <span class='ocrx_word' id='word_1_503' title='bbox 412 5045 446 5104; x_wconf 61' lang='lat'><strong>1¹²</strong></span> <span class='ocrx_word' id='word_1_504' title='bbox 460 5064 562 5105; x_wconf 71' lang='lat' dir='ltr'><strong>omnes</strong></span> <span class='ocrx_word' id='word_1_505' title='bbox 579 5045 640 5104; x_wconf 64' lang='lat' dir='ltr'><strong>f⁰f⁰</strong></span> <span class='ocrx_word' id='word_1_506' title='bbox 655 5064 678 5104; x_wconf 75' lang='lat'><strong>⁸·</strong></span> <span class='ocrx_word' id='word_1_507' title='bbox 695 5044 866 5119; x_wconf 77' lang='lat' dir='ltr'><strong>Scripturas</strong></span> <span class='ocrx_word' id='word_1_508' title='bbox 881 5042 957 5144; x_wconf 68' lang='lat' dir='ltr'><strong>rr.</strong></span> <span class='ocrx_word' id='word_1_509' title='bbox 987 5077 1053 5131; x_wconf 82' lang='lat'>157:</span> <span class='ocrx_word' id='word_1_510' title='bbox 1074 5071 1154 5127; x_wconf 72' lang='lat' dir='ltr'><strong>sies.</strong></span> <span class='ocrx_word' id='word_1_511' title='bbox 1176 5073 1302 5129; x_wconf 75' lang='lat' dir='ltr'><strong>simon</strong></span> <span class='ocrx_word' id='word_1_512' title='bbox 1324 5072 1398 5128; x_wconf 72' lang='lat' dir='ltr'><strong>nise,</strong></span> <span class='ocrx_word' id='word_1_513' title='bbox 1418 5071 1481 5126; x_wconf 72' lang='lat' dir='ltr'><strong>erre.</strong></span> <span class='ocrx_word' id='word_1_514' title='bbox 1494 5071 1534 5124; x_wconf 78' lang='lat' dir='ltr'><strong>su</strong></span> <span class='ocrx_word' id='word_1_515' title='bbox 1549 5069 1627 5122; x_wconf 69' lang='lat' dir='ltr'><strong>ur.</strong></span> 
     </span>
     <span class='ocr_line' id='line_1_51' title="bbox 317 5135 1067 5211; baseline -0.003 -19"><span class='ocrx_word' id='word_1_516' title='bbox 317 5137 350 5194; x_wconf 90' lang='lat' dir='ltr'><strong>et</strong></span> <span class='ocrx_word' id='word_1_517' title='bbox 362 5135 399 5193; x_wconf 81' lang='lat' dir='ltr'><strong>N.</strong></span> <span class='ocrx_word' id='word_1_518' title='bbox 414 5135 448 5194; x_wconf 79' lang='grc' dir='ltr'><strong>Τ.</strong></span> <span class='ocrx_word' id='word_1_519' title='bbox 459 5135 548 5211; x_wconf 82' lang='lat' dir='ltr'><strong>juxte</strong></span> <span class='ocrx_word' id='word_1_520' title='bbox 566 5135 670 5193; x_wconf 83' lang='lat' dir='ltr'><strong>literae</strong></span> <span class='ocrx_word' id='word_1_521' title='bbox 685 5151 806 5192; x_wconf 89' lang='lat' dir='ltr'><strong>sensum</strong></span> <span class='ocrx_word' id='word_1_522' title='bbox 822 5138 853 5192; x_wconf 88' lang='lat' dir='ltr'><strong>et</strong></span> <span class='ocrx_word' id='word_1_523' title='bbox 868 5149 956 5209; x_wconf 83' lang='lat' dir='ltr'><strong>epm·</strong></span> <span class='ocrx_word' id='word_1_524' title='bbox 985 5162 1008 5200; x_wconf 68' lang='grc' dir='ltr'><strong>ο,</strong></span> <span class='ocrx_word' id='word_1_525' title='bbox 1023 5151 1067 5200; x_wconf 77' lang='lat'><strong>25.</strong></span> 
     </span>
    </p>
   </div>
   <div class='ocr_carea' id='block_1_8' title="bbox 0 0 2064 5842">
    <p class='ocr_par' dir='ltr' id='par_1_9' title="bbox 0 0 2064 5842">
     <span class='ocr_line' id='line_1_52' title="bbox 0 0 2064 5842; baseline 0 2"><span class='ocrx_word' id='word_1_526' title='bbox 0 0 2064 5842; x_wconf 95' lang='lat' dir='ltr'><strong> </strong></span> 
     </span>
    </p>
   </div>
  </div>
 </body>
</html>
