4117 5842
325 576 389 631 305
564 619 569 628 ,
782 556 948 613 Theodorus
960 556 1188 628 Mopsuesteuns.
1574 581 1636 635 306

320 746 481 823 plerosque
496 745 778 804 deutarocsnonicos
792 745 829 804 Ν.
838 745 870 805 Τ.
888 764 905 803 a
920 763 968 804 oa·
994 747 1058 804 tate
1073 762 1113 808 ss.
1130 745 1351 822 Scripturerum
1367 746 1519 821 explicuit
1544 748 1637 819 Quin-

322 853 404 895 nona
419 834 561 905 excludit,
584 834 688 894 sensui
707 834 922 912 grammaticali
937 847 968 892 et
993 833 1140 894 todecimo
1161 851 1231 894 vero
1257 834 1408 896 volumine
1426 839 1524 896 totum
1541 839 1638 914 operis

320 924 435 984 literali
450 923 543 982 nimis
564 923 707 993 inhaeret,
731 926 833 999 spreta
853 920 967 982 iutelli-
995 923 1043 982 aui
1066 941 1172 1000 corpus
1188 924 1286 984 citatis
1302 924 1391 984 etiam
1407 929 1527 1003 patrum
1543 928 1638 987 tradi·

321 1013 428 1092 gentis
452 1013 561 1084 altiori,
592 1012 682 1089 plura
703 1012 802 1088 rejicit
825 1011 968 1071 vaticinia
994 1012 1129 1072 tionibus
1140 1012 1324 1073 confirmarit
1337 1016 1368 1076 et
1381 1013 1638 1100 communivitl).‘

320 1101 473 1163 messiam
486 1106 518 1161 et
532 1101 675 1162 audacius
692 1121 710 1160 a
732 1105 853 1177 pat-rum
867 1101 967 1177 expla-
996 1101 1054 1161 Sed
1070 1103 1280 1163 nonobstante
1289 1103 1376 1162 tanto
1386 1104 1483 1182 elogio
1498 1106 1577 1166 circa
1591 1108 1639 1165 in-

320 1192 447 1251 ustione
470 1190 591 1250 recedit.
629 1190 708 1249 Hinc
732 1190 854 1266 scripsit
876 1190 966 1249 etiam
994 1191 1178 1250 carnationis
1187 1192 1365 1268 mysterium
1375 1194 1493 1265 erravit,
1507 1194 1640 1255 Nestorii

321 1298 402 1357 opus
417 1279 530 1358 mande
546 1279 729 1340 tomorumV
744 1280 883 1339 adureres
897 1279 966 1338 ells-
994 1280 1061 1356 egit
1082 1299 1313 1357 praecursorem,
1338 1281 1452 1358 duplici
1474 1282 1508 1342 in
1523 1283 1640 1344 obusto

319 1372 462 1449 moa,
488 1368 568 1444 quod
592 1369 670 1428 forte
694 1375 742 1427 est
767 1366 853 1437 illud,
879 1369 966 1444 cujus
994 1368 1127 1429 admissa
1140 1387 1276 1446 persona,
1293 1373 1325 1429 et
1339 1373 1476 1431 statuens
1486 1371 1639 1433 christum

321 1459 464 1518 meminit
490 1458 695 1517 Facundus
720 1456 966 1517 herminiauensis
993 1459 1639 1536 bominemacououpiscentiisosrnisfuisse

321 1543 965 1629 fervidusajusapclogetaffligueLXVII,
993 1548 1196 1618 molestatum,
1221 1549 1348 1608 amalis
1371 1549 1517 1625 paulatim
1541 1569 1572 1610 se
1593 1569 1639 1610 se·

324 1641 419 1713 6⁰2):
444 1636 555 1706 ,Liber
577 1637 613 1695 ds
634 1637 774 1712 waceio
792 1643 818 1695 et
831 1637 964 1711 historie,
996 1655 1124 1713 parasse,
1140 1655 1176 1696 ex
1194 1637 1461 1715 profectuoperum
1472 1639 1565 1700 fuisse
1578 1658 1639 1700 me·

322 1743 413 1802 quem
428 1730 532 1785 contre
545 1725 703 1803 Origenem
719 1725 869 1802 scripsit‘
893 1725 966 1783 Plu·
993 1725 1144 1794 lioratnm,
1155 1725 1346 1802 adoptionem
1355 1729 1564 1804 promeruisse,
1578 1749 1639 1790 non

322 1816 401 1874 rima
415 1832 537 1891 quoqne
555 1814 680 1890 reliquit
701 1832 790 1891 opera
811 1815 966 1892 dogma·
994 1833 1058 1874 essa
1069 1815 1177 1874 Deum:
1194 1815 1264 1875 hinc
1273 1816 1397 1875 Mariam
1412 1835 1477 1876 esse
1488 1818 1542 1878 Dei
1552 1821 1637 1896 geni-

323 1905 418 1975 tica,
434 1922 565 1979 quorum
573 1904 690 1979 aliquot
699 1903 866 1981 fragmenta
874 1902 966 1962 habes
993 1904 1098 1963 tricem
1114 1923 1184 1980 prae
1198 1906 1338 1965 concione
1348 1909 1451 1980 aperte
1461 1909 1594 1986 negavit,
1609 1911 1640 1967 et

322 1993 356 2053 in
376 1992 504 2070 iligna
527 1992 560 2055 Ρ.
578 1993 616 2052 (i.
634 1992 734 2063 LXVI,
758 2002 966 2057 sse—1020.
993 1993 1115 2052 nonnisi
1131 1993 1169 2053 ob
1192 1995 1273 2053 ortas
1288 1994 1369 2054 inter
1383 1993 1484 2055 fideles
1501 1997 1641 2056 seandala

322 2084 407 2142 luter
422 2083 495 2140 haec
508 2081 566 2150 ,de
575 2081 780 2141 incarnatione
789 2081 915 2153 Domini,
930 2083 967 2140 ut
994 2083 1026 2140 et
1041 2083 1156 2154 turbas,
1175 2083 1371 2144 assertionem
1386 2085 1547 2144 revocavit.
1579 2085 1639 2145 Ne-

323 2171 431 2231 scribit
446 2170 671 2230 Gennadius
692 2170 729 2230 de
744 2172 798 2230 vir.
814 2171 858 2229 ill.
874 2189 898 2230 c
917 2179 967 2242 12,
994 2170 1078 2248 gavit
1091 2174 1123 2230 et
1139 2175 1292 2248 peccatum
1307 2172 1452 2250 originale
1466 2175 1640 2250 praesertim

322 2261 356 2324 ll.
376 2271 415 2323 15
439 2260 478 2318 ed
493 2259 664 2336 quindecim
679 2260 762 2319 milia
777 2278 883 2319 versus
898 2277 966 2319 con·
993 2259 1026 2318 in
1042 2260 1072 2320 ll
1087 2261 1113 2319 V
1129 2265 1205 2344 πρὸς
1221 2261 1290 2334 τοὺς
1306 2263 1451 2343 λέγοντας
1466 2258 1561 2346 prices,
1588 2265 1641 2327 καὶ

323 2350 467 2420 tinentes,
490 2350 522 2407 in
544 2348 656 2424 quibus
675 2349 791 2409 ratione
804 2349 968 2425 purissime
995 2344 1031 2412 ot
1045 2351 1151 2434 γνώμῃ
1168 2353 1279 2415 πταίειν
1293 2351 1364 2422 τοὺς
1374 2347 1561 2436 ἀνθρώπους
1571 2371 1640 2414 con·

324 2442 355 2498 et
378 2438 563 2497 testimoniis
579 2438 803 2513 scripturarum
825 2437 966 2508 ostendit,
994 2443 1042 2498 tra
1058 2443 1223 2499 asserentes
1236 2440 1371 2501 homines
1387 2459 1507 2516 peccare
1522 2447 1639 2513 natura,

324 2529 358 2586 Β.
374 2527 483 2586 Jesum
504 2527 585 2587 sieut
599 2527 819 2604 plenitudinem
833 2527 965 2597 deitatis,
994 2547 1056 2587 non
1080 2527 1245 2600 voluntate,
1273 2530 1359 2604 cujus
1385 2546 1432 2605 op.
1458 2531 1640 2590 mentionem

322 2617 367 2675 ita
382 2615 604 2693 plenitudinem
613 2615 808 2676 humanitatis
817 2616 966 2676 habuisse.
994 2617 1066 2676 facit
1081 2617 1246 2677 Photius
1262 2617 1324 2682 eorl.
1335 2617 1489 2678 CLXXVII
1498 2616 1557 2700 (Mi
1568 2639 1639 2699 gne

324 2707 418 2765 Docet
433 2709 465 2764 et
479 2705 755 2766 homiuemduabus
765 2705 966 2766 tantumsub·
994 2706 1330 2783 recurrisse).
1362 2708 1399 2766 In
1416 2708 1485 2767 aliis
1500 2709 1592 2768 etiam
1606 2711 1640 2768 in

323 2795 446 2854 stautiis
461 2798 608 2864 constare,
625 2794 725 2864 idest,
740 2795 841 2854 anima
855 2799 887 2854 et
901 2812 966 2854 cor·
995 2795 1226 2872 Pelagianornm
1240 2813 1354 2855 errores
1370 2796 1485 2868 incidit,
1503 2799 1640 2873 quocirca

321 2902 403 2961 pore,
420 2901 602 2959 sensumque
617 2886 648 2942 et
663 2883 803 2960 spiritum
816 2901 877 2943 nou
890 2884 966 2942 alte·
996 2884 1103 2943 horum
1119 2884 1304 2961 coryphaeus
1318 2883 1459 2946 Julianus
1474 2887 1640 2947 eclanensis

322 2992 388 3033 ram
404 2973 614 3042 substantiam,
637 2973 690 3034 sed
710 2973 808 3032 officia
822 2991 886 3032 esse
901 2971 967 3031 ani·
996 2992 1067 3033 eunr
1083 2972 1166 3044 adiit,
1190 2976 1227 3032 nt
1249 2974 1280 3032 in
1304 2991 1402 3033 errore
1421 2976 1535 3035 tuendo
1551 2976 1589 3035 ab
1604 2995 1639 3036 eo

322 3081 389 3120 mac
404 3061 550 3139 ingenita,
575 3061 688 3138 quibus
702 3061 840 3139 inspirat,
856 3060 967 3137 quibus
997 3062 1200 3121 instrueretur
1231 3067 1262 3122 et
1292 3063 1526 3126 confirmaretur.
1567 3065 1641 3125 Cum

322 3151 510 3211 rationabilis
532 3152 589 3224 set,
612 3151 724 3226 quibus
740 3150 882 3210 sensibile
896 3150 969 3209 tacit
996 3151 1168 3218 Nestoriani
1199 3152 1265 3228 ejus
1295 3152 1414 3228 scriptis
1452 3154 1579 3214 maxime
1610 3159 1640 3214 et

322 3259 441 3317 corpus.
465 3238 613 3309 Quartum
627 3239 777 3300 decimum
792 3242 891 3299 autem
912 3239 966 3298 hu·
995 3239 1176 3300 auctoritate
1206 3241 1419 3314 abuterentur,
1450 3247 1552 3303 coacta
1580 3243 1641 3303 fuit

319 3330 372 3405 jus
387 3329 488 3406 operis
503 3330 524 3388 l
539 3329 662 3406 propria
676 3328 968 3389 deincreataetsola
995 3329 1129 3406 synodus
1153 3330 1340 3390 oecumenica
1365 3330 1400 3400 l',
1432 3351 1507 3408 quae
1536 3332 1639 3409 plures

321 3419 499 3496 incorporea
514 3417 693 3494 dominaque
708 3418 843 3477 omnium
862 3435 885 3482 s.
904 3417 968 3476 Tri·
994 3419 1129 3490 eiusdem
1145 3437 1260 3478 errores
1282 3421 1314 3479 et
1337 3420 1448 3497 scripta
1467 3422 1641 3482 solemniter

322 3505 429 3567 nitatis
445 3511 555 3567 natura
575 3512 607 3565 et
632 3505 669 3566 de
691 3510 895 3567 creaturarum
918 3525 966 3565 ra·
995 3506 1239 3585 gravissimisque
1259 3509 1358 3568 verbis
1383 3508 1494 3570 iterato
1518 3510 1640 3570 damna·

323 3597 405 3656 tione
416 3596 567 3656 disserens
583 3595 632 3671 pio
647 3614 739 3657 sensu
755 3615 823 3656 cum
838 3595 967 3656 anctori-
995 3593 1081 3673 viti).
1118 3597 1165 3656 Ita
1195 3616 1239 3656 er.
1264 3615 1308 3675 gr.
1339 3616 1402 3660 can.
1438 3608 1475 3661 12
1502 3599 1639 3677 legimus,

999 3720 1159 3728 Ἠ

320 3766 352 3835 ja
363 3766 529 3820 mauchmal
541 3764 630 3836 gieng
649 3781 680 3821 er
699 3766 774 3821 noch
787 3765 895 3831 weiter,
908 3765 969 3820 und
1037 3770 1054 3838 ¹)
1070 3766 1197 3822 Alterius
1206 3767 1407 3838 magnioperis
1422 3767 1640 3824 meminitPho

322 3839 411 3891 fosete
436 3835 478 3890 sie
508 3853 565 3891 nur
594 3853 645 3908 per
675 3836 969 3893 accommodationem
996 3837 1567 3964 tiuscod.4(lligneClll,52},pro
1591 3841 1642 3894 Ba-

322 3906 518 3975 meeaiauisch‚
531 3906 629 3962 iudom
642 3925 673 3962 er
682 3909 723 3962 sie
732 3908 776 3963 als
785 3908 970 3978 Weissagnn·
998 3907 1064 3963 salio
1078 3913 1207 3964 adoneus
1219 3912 1385 3964 Earromr'um
1398 3910 1464 3964 llX
1494 3910 1525 3964 V.
1540 3909 1642 3966 Estilli

321 3995 378 4050 gen
401 3995 437 4034 ex
459 3982 565 4034 eventu
594 3979 719 4036 dentata
744 3981 778 4034 Iu
800 3980 898 4036 seinen
916 3996 969 4034 aus
997 3979 1112 4052 phrasis
1142 3996 1202 4034 non
1234 3996 1443 4050 usquequaque
1474 3981 1642 4066 perspicaci

323 4050 427 4107 saun.
447 4051 641 4108 bestehendeu
660 4051 969 4107 Psalmeuccmmcntar
998 4052 1130 4106 sensibus
1151 4055 1250 4108 tamen
1269 4055 1299 4105 et
1318 4056 1497 4124 argumentis
1519 4053 1643 4108 nimium

323 4121 968 4196 baegernurrrmlmenaasamccxx)
997 4125 1140 4192 quantum
1160 4123 1275 4188 densus,
1295 4141 1316 4177 s.
1329 4124 1494 4195 Scripturas
1517 4125 1642 4180 testimo·

323 4193 417 4249 direct
435 4193 495 4248 und
515 4194 556 4247 im
569 4194 745 4249 Literalsinn
766 4195 820 4247 aul
830 4194 968 4258 Christus,
996 4194 1054 4248 niis
1076 4194 1190 4265 egregie
1212 4194 1351 4250 abundat.
1378 4196 1423 4250 Ad
1443 4197 1561 4252 verbum
1584 4197 1642 4250 iere

322 4264 370 4319 die
382 4264 509 4319 anderen
522 4265 647 4320 erklarte
666 4283 697 4320 er
705 4265 823 4336 judaice
837 4306 843 4318 .
857 4305 884 4319 ..
907 4265 969 4320 Von
997 4265 1134 4320 Eunomii
1143 4265 1269 4321 rationes
1277 4267 1393 4329 refellit,
1401 4267 1569 4338 imperitum
1577 4284 1643 4323 euru

323 4335 381 4390 deu
411 4335 605 4392 historischen
637 4337 854 4392 Verhtltuissen
885 4340 970 4391 uuter
997 4336 1081 4392 valde
1094 4339 1277 4391 externarum
1298 4337 1519 4410 disciplinarum
1539 4339 1643 4395 multo·

322 4405 429 4470 David,
461 4406 604 4472 Ezechias,
634 4408 790 4464 Zorobabel
820 4409 882 4462 und
913 4407 969 4462 den
997 4425 1054 4477 que
1076 4409 1169 4480 magis
1190 4411 1302 4463 nostrae
1325 4410 1488 4480 theologiae
1509 4410 1643 4480 pluribus

324 4477 526 4534 liacbeblteru.
540 4479 573 4533 ln
586 4479 678 4534 altero
692 4495 758 4534 vero
773 4497 820 4550 op.
833 4479 923 4534 Thr.
931 4479 968 4532 Μ.
997 4478 1174 4534 ostendens.“
1213 4479 1334 4552 Scripsit
1363 4484 1512 4551 praeterea
1543 4485 1642 4537 contra

323 4551 371 4675 §let
389 4549 469 4604 infra
509 4558 582 4609 .306
600 4553 638 4623 a.)
658 4553 729 4606 bene
750 4553 833 4605 notat
852 4570 880 4622 p.
903 4559 969 4607 124:
997 4551 1204 4623 Apollinarem,
1218 4554 1317 4605 contra
1330 4550 1456 4622 magiam
1471 4555 1524 4606 etc.

347 4622 377 4674 b.
389 4622 430 4675 ist
442 4621 487 4676 vie
512 4623 566 4677 ach
585 4622 629 4676 ala
649 4621 824 4678 Rationalist
844 4623 876 4678 in
889 4622 968 4678 Com·
1033 4621 1388 4694 ²)Cf.Kihn‘l'heodorv.
1400 4621 1642 4694 Mopsuestiaund

324 4693 484 4748 menterien
494 4694 545 4749 der
556 4693 716 4750 biblisohen
725 4693 969 4749 Bucherbsaeich-
996 4694 1126 4749 Junilius
1150 4694 1309 4748 Afrilsanus
1330 4694 1373 4748 als
1393 4693 1451 4746 lixa
1472 4697 1547 4758 eten,
1569 4694 1644 4748 Frsi·

325 4767 376 4819 net
396 4764 524 4818 worden.
548 4764 633 4819 Seius
655 4765 819 4837 Erkltrung
832 4766 871 4820 ist
891 4764 969 4822 wohl
999 4768 1073 4836 burg
1083 4769 1168 4825 1880:
1182 4764 1269 4840 theol.
1278 4763 1401 4830 Qtlsohr.
1410 4713 1562 4834 Tdiingen
1575 4771 1643 4822 1880

326 4836 437 4891 therall
449 4836 601 4899 ratiouell;
620 4837 689 4892 aber
702 4835 878 4892 Rationaliat
889 4836 928 4891 ist
939 4852 970 4890 er
997 4857 1027 4908 p.
1042 4844 1092 4894 531
1107 4853 1157 4892 sa:
1171 4835 1228 4890 KL.
1245 4842 1299 4899 11¹,
1316 4841 1471 4899 lale-223
1485 4836 1604 4891 Barda
1614 4855 1643 4890 n·

326 4906 503 4980 keineewegs
533 4907 574 4962 im
604 4908 761 4964 modernen
791 4908 880 4964 Sinna
920 4909 969 4962 des
997 4909 1200 4975 bewer573,
1215 4907 1259 4961 Fr.
1274 4909 1308 4961 A.
1322 4907 1642 4977 Spechtderexeget.

326 4975 447 5033 Wortea
461 4979 584 5035 lnallen
597 4979 695 5034 seinen
708 4979 854 5036 Schriften
867 4982 969 5062 begeg·
997 4979 1187 5050 Standpunlrt
1217 4979 1266 5034 des
1291 4978 1436 5034 'l'heodors
1462 4996 1488 5034 v.
1513 4978 1551 5032 Μ.
1582 4979 1642 5032 uad

327 5052 419 5104 aeter
437 5067 492 5104 uns
511 5053 556 5106 ala
567 5049 735 5106 Verlecbter
754 5051 806 5106 der
824 5051 969 5124 positrren
998 5052 1161 5106 'theodoret
1180 5067 1237 5106 von
1250 5051 1342 5120 Kyros
1365 5050 1395 5104 in
1409 5049 1459 5104 der
1472 5050 1643 5177 Auslcgung

329 5121 486 5190 gottlieben
498 5120 696 5193 Offenoamng
709 5126 762 5179 ete.
997 5122 1413 5194 messianiscberWeissagung
1418 5138 1470 5178 aus
1475 5122 1557 5176 ihren
1586 5138 1642 5174 om·
