4117 5842
415 559 481 615 323
736 546 886 598 sal—900.
900 539 1073 608 Interpretea
1086 555 1107 592 s.
1120 537 1293 608 Scripturas.
1305 538 1418 603 Haimo,
1665 555 1729 610 324

416 729 512 789 mensi
543 723 593 811 (ut
623 748 640 786 a
664 725 921 804 Villalpando
951 726 1060 784 &mae
1087 727 1119 786 II.
1138 727 1200 786 sive
1224 726 1655 802 deamorccoelestispatriae,
1676 724 1731 783 (lo-

421 829 520 890 1598;
535 818 707 894 lloguntiae
721 826 814 885 1614,
824 815 876 876 sed
885 811 1059 896 immerito),
1087 816 1184 876 Ioniae
1205 825 1304 886 15313
1321 815 1442 874 ParisiIs
1464 824 1562 885 1531;
1581 814 1632 873 sed
1647 813 1732 889 prior

415 909 464 969 vel
479 906 614 985 Remigio
630 905 817 982 lugdunensi,
841 905 889 976 vel
906 900 1059 984 (probabi
1087 905 1293 981 inscriptionis
1307 923 1375 980 pars
1391 922 1451 963 non
1466 899 1593 980 quadret
1607 903 1640 961 in
1655 921 1731 979 opus

416 993 489 1080 lius)
505 995 752 1056 autissiodorensi
767 993 922 1064 tribuitur,
943 994 1060 1069 Argen-
1087 997 1118 1054 et
1139 994 1261 1054 ridetur
1281 1013 1335 1070 per
1357 1009 1486 1053 errorem
1507 991 1664 1052 Trithemii
1687 991 1730 1049 ir·

416 1086 508 1147 torati
536 1096 636 1155 15193
667 1083 790 1143 Parisiis
822 1091 923 1152 15383
944 1093 1058 1152 -15503
1087 1083 1231 1161 repsisse;
1266 1084 1358 1142 altera
1388 1101 1449 1142 non
1479 1083 1527 1143 est
1556 1081 1728 1157 adaequata

415 1174 617 1252 Expositionis
640 1176 672 1232 in
696 1173 894 1249 Apocalyosin
915 1172 948 1233 B.
972 1172 1059 1235 dean.
1088 1191 1157 1232 nam
1180 1173 1245 1248 agit
1265 1175 1370 1232 auctor
1392 1172 1411 1232 l.
1436 1181 1464 1236 3.
1489 1169 1729 1248 depurgatum,

415 1266 447 1323 ll.
463 1263 529 1341 vll,
546 1263 675 1339 epitome
690 1262 752 1321 fere
767 1261 973 1321 commentarii
987 1262 1060 1320 Am·
1087 1263 1181 1321 aliero
1200 1261 1308 1321 Christi
1330 1263 1470 1330 adventu,
1494 1264 1526 1320 et
1543 1259 1659 1335 judicio
1682 1277 1730 1317 ex·

415 1353 508 1412 brosii
545 1353 749 1428 inparti,
788 1350 923 1411 coloniae
959 1360 1059 1422 15293
1086 1355 1191 1423 tremo,
1208 1351 1244 1410 de
1260 1350 1376 1410 inierim
1391 1354 1446 1410 etc.
1471 1351 1537 1410 Non
1551 1349 1663 1408 desunt
1678 1349 1730 1424 qui

420 1452 520 1513 15313
545 1440 668 1500 Purisiiss
697 1450 797 1509 15:313
827 1449 927 1506 1535:
958 1449 1058 1510 1540;
1088 1441 1142 1500 hoc
1157 1458 1232 1516 opus
1247 1438 1568 1513 adjudicentHaimoni
1578 1437 1728 1512 juniori,

413 1551 493 1607 quae
507 1534 607 1590 tamvm
623 1551 641 1589 a
659 1529 699 1588 In
718 1529 844 1589 Boeui
856 1528 991 1604 Remigio
1005 1547 1059 1588 au·
1087 1531 1174 1605 cujus
1204 1547 1295 1606 supra
1324 1529 1504 1588 mentionem
1529 1527 1663 1588 fecimus.
1687 1559 1729 1572 --

412 1619 623 1680 tissiodorensi
641 1617 838 1694 adjudicatur.
853 1651 897 1661 -
914 1617 1058 1677 Homilia·
1088 1619 1122 1678 D‘
1132 1619 1284 1695 Achery
1306 1618 1421 1694 reperit
1434 1620 1465 1677 et
1479 1615 1600 1676 brevem
1616 1619 1654 1678 tr.
1670 1609 1730 1698 (vel

414 1729 484 1768 rum
500 1709 562 1769 sive
578 1708 672 1767 mavis
688 1726 860 1766 sermonum
881 1707 919 1766 ad
940 1706 1059 1783 plebem
1085 1709 1161 1767 forte
1179 1701 1392 1788 unguentum)
1416 1708 1450 1765 de
1471 1723 1591 1780 corpore
1613 1712 1639 1764 n
1661 1723 1729 1764 sca·

417 1817 509 1873 super
538 1796 700 1874 Evangelia
723 1797 818 1856 tatius
853 1796 925 1854 anui
963 1794 1057 1855 domi·
1083 1797 1296 1875 guineDcmini
1311 1796 1387 1854 Iorte
1395 1795 1505 1855 loanni
1520 1795 1622 1854 Scotto
1638 1812 1730 1870 oppo-

415 1888 560 1958 nicarum‚
588 1889 759 1946 sanctorum
775 1884 978 1961 feriarumque
994 1887 1058 1955 etc,
1089 1887 1192 1956 situm,
1217 1885 1250 1944 in
1273 1903 1333 1960 quo
1348 1885 1457 1944 realem
1473 1883 1605 1960 corporis
1622 1883 1730 1942 Christi

411 1995 489 2052 pare
503 1977 644 2052 hinnulis,
668 1974 952 2051 opuspraeclarum,
973 1973 1058 2033 Golo-
1087 1974 1286 2053 praesentiam
1328 1977 1360 2033 et
1401 1972 1731 2034 transubstantiatione

416 2067 482 2125 uiae
511 2074 611 2134 15323
642 2063 765 2123 Parisiis
794 2073 894 2133 15333
925 2063 1060 2139 reliquae
1088 2065 1196 2142 dogma
1221 2063 1314 2122 docet
1346 2061 1463 2122 ProdiIt
1486 2062 1518 2121 in
1541 2063 1608 2137 ejus
1630 2051 1734 2138 spicil

414 2162 477 2213 tres
493 2157 592 2231 partes
602 2153 746 2212 dicuntur
760 2170 820 2211 non
835 2154 977 2228 repertae.
998 2152 1059 2210 Hc·
1088 2153 1152 2222 XII,
1172 2161 1312 2216 27—30.
1335 2152 1439 2211 Utitur
1453 2151 1730 2228 auctorgeneratim

416 2243 566 2302 miliarum
589 2242 651 2301 siva
674 2241 849 2300 concionum
869 2241 1059 2318 popularium
1090 2242 1304 2311 stilocouciso‚
1321 2241 1409 2311 claro,
1433 2257 1487 2317 pro
1503 2240 1557 2300 illa
1572 2243 1672 2299 aetate
1687 2258 1730 2298 sa·

412 2351 489 2408 pora
512 2332 659 2391 aestivalia
679 2329 793 2406 prodiit
808 2329 945 2389 Coloniae
966 2340 1059 2393 1534.
1088 2332 1130 2390 tis
1155 2347 1246 2406 puro;
1277 2331 1309 2389 in
1334 2330 1396 2390 suis
1422 2329 1639 2388 commentariis
1665 2347 1731 2404 pree

417 2421 485 2480 Alia
507 2420 643 2479 collectio
665 2418 841 2478 inscribitur
864 2419 1009 2478 Hostiliae
1030 2416 1060 2477 d.
1090 2421 1198 2479 ceteris
1224 2419 1364 2494 sequitur
1387 2437 1505 2478 sensum
1530 2418 1673 2477 moralem
1703 2421 1733 2476 et

418 2509 574 2569 Haimonis
591 2507 1059 2584 ephalberstadieneisinldoan-
1090 2509 1298 2586 allegoricum
1324 2509 1454 2568 multum
1479 2507 1579 2566 utitur
1603 2509 1732 2583 patrum,

415 2601 491 2677 pelio
500 2598 687 2658 dominicalia
703 2615 755 2674 per
766 2597 862 2656 totius
877 2617 904 2661 a.
913 2597 1059 2656 circulum
1089 2597 1255 2675 Augustini
1264 2597 1447 2673 praesertim,
1459 2597 1588 2673 scriptis,
1604 2614 1733 2670 quorum

415 2695 449 2748 et
479 2688 515 2747 de
545 2687 655 2746 sanctis
678 2686 860 2762 quibusdam
881 2685 1059 2765 praecipuis.
1089 2687 1269 2764 florilegium
1295 2686 1422 2746 exhibet.
1461 2685 1557 2761 Opere
1580 2686 1646 2760 ejus
1672 2685 1732 2743 ccl·

419 2777 617 2853 quaeprodiit
625 2774 763 2835 Coloniae
771 2775 902 2852 primum
911 2773 1060 2852 (ilem),
1088 2779 1165 2836 lecta
1179 2775 1269 2834 habes
1285 2776 1318 2834 in
1333 2776 1460 2852 liigne
1477 2773 1508 2832 T.
1518 2775 1550 2838 L.
1565 2777 1588 2837 t.
1599 2772 1731 2833 cxv]-

416 2866 489 2926 deiu
510 2865 631 2925 Parisiis
658 2874 741 2928 1539
767 2869 832 2935 etc..
859 2883 935 2938 quae
959 2869 1061 2922 tamen
1088 2864 1213 2925 CXVIII.

416 2956 529 3014 dicitur
541 2954 743 3013 Haimonis
757 2953 1059 3029 cujusdamjuniorIs‚

418 3044 555 3104 monachi
578 3047 609 3102 et
633 3043 751 3102 abbatis
775 3041 992 3120 hirsaugiensis
1018 3039 1060 3122 (fl.
1135 3053 1209 3106 450.
1231 3043 1469 3118 Angelomus
1495 3041 1528 3100 0.
1554 3041 1583 3104 S.
1608 3043 1681 3102 Bau.
1702 3041 1733 3099 in

424 3130 536 3215 lb9l):
559 3133 608 3191 cui
630 3132 739 3192 Hauk
761 3131 822 3193 KG.
844 3131 1061 3190 Deutschlauds
1090 3131 1270 3192 monasterio
1286 3131 1464 3201 luxoviensi,
1483 3128 1593 3189 ibidem
1610 3130 1733 3190 celebris

418 3234 440 3280 t.
457 3223 485 3280 II
508 3221 721 3282 commentaria
736 3239 826 3296 supra
841 3219 963 3279 laudata
977 3221 1061 3296 adju·
1090 3221 1206 3280 hiellini
1222 3220 1396 3296 discipulus,
1412 3219 1600 3294 aliquamdiu
1615 3219 1733 3278 scholae

417 3312 506 3370 dicat
540 3310 628 3387 Apud
644 3311 770 3387 Migne
786 3308 912 3378 CXVIII,
931 3319 1061 3374 9-815
1089 3310 1238 3387 palatinae
1248 3309 1416 3368 moderator
1431 3306 1493 3380 (†c.
1505 3303 1594 3389 855).
1610 3309 1734 3385 reliquit

420 3403 570 3476 comparet
599 3399 732 3458 collectio
763 3398 964 3458 Humiliarnm
1000 3398 1062 3458 slve
1091 3399 1336 3458 commentarium
1367 3400 1399 3456 in
1424 3397 1549 3456 Genesin
1579 3415 1641 3456 uon
1665 3417 1734 3474 pro·

418 3489 594 3548 concionum
610 3490 642 3547 in
656 3488 814 3565 Evangelia
830 3488 867 3545 de
881 3491 1016 3563 tempore
1031 3491 1063 3546 et
1089 3488 1185 3547 lixum
1210 3487 1339 3564 vestigia
1361 3504 1498 3563 premens
1523 3504 1546 3548 a.
1569 3486 1735 3563 Augustini

418 3578 529 3636 sanctis
546 3621 553 3633 .
570 3622 576 3634 .
594 3620 601 3633 .
617 3595 684 3652 pars
699 3579 827 3651 utraque
843 3576 870 3639 h.
885 3595 910 3639 e.
926 3575 1063 3635 hiemalis
1091 3581 1123 3636 et
1146 3594 1267 3636 sensum
1288 3575 1463 3652 praesertim
1478 3575 1621 3634 moralem
1636 3593 1734 3652 perse·

419 3671 452 3724 et
483 3665 645 3724 aestivalis:
676 3665 807 3741 adjectae
833 3669 906 3724 sunt
929 3665 1062 3741 ejusdem
1092 3683 1195 3741 quens.
1236 3665 1315 3724 (litat
1339 3665 1490 3724 versiones
1514 3663 1735 3740 TheodotIonis

420 3755 574 3814 Haimouis
590 3754 731 3813 homiliae
746 3755 864 3830 aliquot
879 3754 953 3813 aliae
968 3754 1001 3812 in
1017 3773 1063 3831 ep.
1092 3754 1269 3832 Symechiet
1277 3753 1412 3829 Aquilae,
1428 3756 1465 3812 ut
1479 3752 1618 3812 ostendat
1632 3771 1734 3812 eorum

419 3845 449 3902 d.
474 3844 561 3902 Pauli
585 3863 631 3919 ap.
656 3845 711 3906 etc.
738 3844 827 3918 juxta
857 3844 902 3905 ed.
927 3842 1064 3902 Coloniae
1092 3865 1110 3902 a
1140 3844 1277 3903 versione
1306 3841 1497 3902 alexandrina
1521 3841 1734 3912 differentiam

427 3943 517 3997 1536.
549 3932 697 3992 Humiliae
712 3932 805 4008 partis
821 3931 957 3992 hiemalis
973 3933 1064 4009 hujus
1092 3933 1239 3992 rationem
1254 3932 1345 3992 etiam
1368 3930 1459 3990 habet
1474 3930 1672 3990 tradiiionum
1686 3933 1735 4008 ju·

420 4022 605 4082 collectionis
626 4039 657 4080 se
673 4021 784 4080 habent
798 4024 900 4080 nmen
914 4021 952 4080 ad
968 4022 1064 4081 homi·
1092 4021 1252 4086 daicarum.
1300 4022 1430 4080 Hortata
1460 4019 1588 4079 Leotrici
1618 4021 1735 4080 abbatis

421 4113 476 4170 lias
491 4110 675 4170 collectionis
685 4111 782 4186 primo
798 4110 862 4170 loco
876 4110 1015 4170 laudatae
1028 4113 1065 4169 ut
1093 4111 1141 4169 sui
1156 4113 1226 4170 aute
1241 4130 1266 4170 a.
1277 4117 1338 4174 833
1352 4109 1454 4168 adhoc
1470 4125 1501 4168 se
1510 4109 1640 4168 accinxit
1649 4127 1733 4186 opus,

421 4219 523 4260 aarum
533 4201 680 4276 epItomes
696 4218 749 4258 seu
764 4199 952 4275 compendia:
971 4217 1064 4276 quare
1093 4199 1173 4275 quod
1188 4200 1258 4258 Pes
1273 4198 1370 4258 edidit
1384 4199 1415 4257 iu
1430 4198 1508 4263 thes.
1517 4197 1619 4256 anecd.
1634 4198 1735 4258 novis·

422 4289 499 4349 ratio
522 4292 570 4349 est
591 4289 627 4348 de
650 4289 741 4365 hujus
762 4289 934 4366 posterioris
959 4289 1065 4349 collec-
1094 4289 1207 4360 simol,
1234 4300 1260 4362 1,
1286 4295 1448 4352 ‹ss-238.
1463 4320 1508 4334 -
1523 4285 1736 4346 Enarrationes

422 4380 513 4438 tionis
528 4378 716 4456 geuuiuibate
732 4376 899 4440 dubilandi.
928 4379 1066 4438 (letarum
1094 4396 1147 4438 seu
1164 4380 1344 4438 Strommata
1358 4380 1390 4436 in
1405 4377 1435 4435 ll.
1452 4377 1571 4453 Regum,
1592 4394 1669 4451 quae
1684 4396 1735 4453 ag·

422 4467 576 4527 Haimonis
586 4467 725 4526 homiliae
736 4465 874 4543 indigent
885 4466 922 4525 ad
931 4467 990 4526 huc
1000 4470 1065 4526 stu·
1095 4485 1217 4544 grecam
1241 4468 1288 4525 est
1311 4464 1504 4525 hortantibus
1527 4464 1681 4525 sodalibus
1706 4468 1737 4524 et

423 4557 472 4615 dio
488 4556 600 4617 critico.
615 4590 660 4602 -
673 4556 823 4615 Historiae
837 4574 942 4614 sacrae
957 4554 1066 4637 (usque
1092 4556 1229 4615 Drcdone
1252 4555 1358 4614 abbate
1381 4549 1498 4633 (postea
1518 4554 1658 4631 episcopo
1673 4573 1735 4614 me·

422 4645 459 4704 ad
475 4645 564 4705 duem
586 4663 642 4705 sec.
658 4641 710 4728 IV)
734 4647 853 4721 epitome
874 4638 922 4727 (ex
944 4645 1064 4704 liuse-
1092 4645 1173 4704 tensi
1189 4643 1207 4710 †
1224 4642 1301 4725 855)
1317 4643 1407 4702 fratre
1416 4642 1624 4703 LudoviciPii.
1647 4643 1736 4703 Prae·

423 4735 502 4805 bio,
523 4733 685 4804 Rufino,
708 4752 744 4793 ex
766 4733 891 4792 historia
912 4735 1066 4811 tripartita
1093 4737 1139 4794 ter
1149 4751 1270 4793 sensum
1278 4733 1457 4793 historicum
1466 4731 1595 4792 rimatur
1609 4737 1642 4790 et
1655 4733 1737 4810 typi·

423 4824 551 4901 aliisque
567 4821 777 4903 scriptoribus)
802 4823 864 4882 sive
880 4824 915 4882 de
931 4823 1066 4883 christia·
1094 4841 1170 4892 curn,
1189 4840 1248 4900 quo
1264 4821 1341 4881 facta
1348 4821 1522 4881 referuntur
1536 4820 1572 4880 ad
1588 4821 1736 4900 praeliga-

423 4931 529 4971 uarum
551 4931 651 4972 rerum
668 4912 809 4972 memoria
824 4911 855 4973 ll.
872 4911 905 4982 X,
930 4912 1066 4972 Coloniae
1094 4911 1186 4971 rande
1216 4911 1374 4989 mysteria,
1411 4929 1487 4985 quae
1516 4909 1670 4986 pertinent
1700 4909 1736 4968 ad

429 5009 529 5072 1531;
549 5012 650 5071 Isctn
670 4999 848 5061 Helmstadii
868 5012 970 5073 1617;
985 5001 1065 5079 Lug·
1095 5001 1245 5061 Christum
1267 5003 1299 5060 et
1320 4998 1489 5060 Ecclesiam.
1526 4998 1604 5058 Hinc
1628 5017 1735 5077 magno

425 5088 598 5152 duui1650
615 5091 660 5148 ed.
671 5091 791 5167 optima.
807 5122 849 5133 -
866 5090 1191 5169 Devarietats1elogio
1207 5091 1463 5166 decoloquuntur
1479 5088 1613 5148 Sixtus
1630 5106 1735 5148 senen·
