4117 5842
920 1829 1008 1927 XI.

496 2009 773 2148 Scriptores
807 2009 1132 2120 ecclesiastici
1157 2011 1314 2121 seculi
1340 2011 1445 2122 Vll.

657 2207 765 2303 Pars
799 2205 945 2303 altera
966 2209 1261 2325 (037-700).

359 2615 432 2669 329.
449 2605 509 2664 Hac
534 2603 625 2663 seculi
643 2607 726 2680 parto
743 2604 903 2663 Ecclesiam
922 2605 952 2664 in
966 2599 969 2664 ἓ
981 2604 1139 2708 termulam
1151 2605 1242 2664 unius
1258 2606 1306 2664 vel
1320 2606 1448 2682 duplicis
1458 2607 1623 2667 voluntatis

313 2694 418 2771 primis
441 2693 576 2752 turbavit
600 2693 952 2754 Monotheletarum
967 2713 1011 2837 pin
1031 2695 1156 2766 Christo,
1180 2695 1260 2770 quod
1282 2696 1435 2772 episcopos
1451 2715 1571 2773 graecos
1591 2697 1623 2755 iu

967 2842 969 2882 ι

314 2781 451 2854 haeresis,
468 2783 606 2842 surculus
616 2783 885 2860 Monophysitismi‚
902 2803 954 2842 ou·
982 2802 1063 2847 cono.
1086 2785 1307 2844 oecumenicum
1323 2783 1372 2843 Vl.
1395 2789 1498 2844 contra
1521 2784 1622 2844 Mono-
1665 2832 1670 2840 ,

309 2875 360 2949 jus
377 2876 530 2932 occasione
552 2871 632 2930 inter
647 2890 783 2932 romanos
799 2873 953 2948 pontifices
967 2886 969 2927 3
982 2872 1109 2931 theletos
1126 2876 1319 2950 congregatos
1337 2873 1409 2932 adeo
1432 2873 1564 2944 offendit,
1588 2877 1624 2932 ut

312 2963 475 3042 plurimum
492 2961 625 3020 innotuit
642 2960 869 3026 Honoriusl.
893 2961 1013 3023 Na-irn
1039 2980 1108 3019 eum
1135 2980 1202 3020 eum
1227 2961 1439 3021 haeresiarchis
1463 2962 1622 3031 Theodora,

311 3051 392 3111 tione
417 3051 582 3126 Campanus
606 3049 675 3122 fuit,
708 3050 764 3109 viri
789 3051 953 3111 consuleris
982 3051 1067 3128 Cyro,
1094 3051 1195 3128 Sergio
1221 3055 1275 3113 etc.
1301 3051 1458 3111 anathema
1485 3051 1623 3111 dixerint.

310 3141 400 3211 filius,
417 3159 440 3202 s.
451 3139 584 3217 Gregorii
595 3139 632 3203 Μ.
643 3138 817 3217 discipulus,
835 3143 864 3199 et
879 3141 952 3200 eloc-
982 3141 1093 3201 Verum
1112 3159 1201 3215 quam
1224 3141 1347 3218 plurimi
1369 3140 1427 3198 viri
1449 3139 1529 3200 docti
1553 3141 1623 3199 aoli-

310 3235 360 3288 tus
376 3229 408 3290 in
423 3248 580 3288 romanam
589 3228 758 3305 pontificem
769 3228 867 3288 sedern
883 3249 952 3305 apo·
966 3278 969 3290 .
981 3229 1104 3288 dissime
1136 3230 1301 3304 probarunt
1327 3229 1451 3288 Honorii
1482 3229 1622 3288 orthodo-

312 3319 445 3378 stolioem
469 3317 546 3377 rexit
567 3318 604 3376 ab
627 3338 652 3376 a.
677 3326 862 3382 ste-638.
901 3318 954 3379 Vir
966 3306 968 3347 *
981 3314 1100 3399 xiam1).
1124 3318 1209 3388 Quod
1225 3320 1251 3377 si
1267 3319 1368 3392 aliqua
1383 3320 1429 3376 est
1444 3318 1509 3394 ejus
1525 3319 1622 3394 culpa,

312 3411 374 3468 erat
400 3426 488 3485 sagax
520 3407 656 3484 iugenio,
690 3407 793 3482 vigens
819 3408 951 3478 consilio,
981 3428 1045 3468 eam
1067 3407 1138 3466 Leo
1160 3406 1198 3467 Il.
1223 3408 1393 3467 authentica
1418 3407 1621 3482 interpretans

312 3497 447 3557 doctrina
462 3496 586 3558 clarens.
612 3495 769 3555 dulcedine
785 3498 816 3554 et
831 3496 953 3556 humili·
967 3500 968 3519 ¹
980 3497 1063 3556 illius
1074 3496 1191 3555 concilii
1201 3497 1475 3556 condemnationem
1489 3497 1532 3555 ito
1546 3497 1621 3556 bene

312 3584 548 3666 tutepollens1).
572 3585 716 3644 Inclaruit
732 3605 802 3662 erga
818 3585 953 3645 divinum
966 3558 968 3661 J
981 3585 1131 3661 expressit
1155 3586 1188 3645 iu
1212 3605 1257 3663 ep.
1280 3586 1317 3645 ad
1341 3586 1493 3662 episcopos
1515 3585 1623 3662 Hispa·

312 3676 427 3736 cultum
443 3673 608 3736 reverentia
616 3673 804 3750 multumque
820 3674 879 3734 fuit
895 3676 954 3734 sol·
983 3675 1066 3734 niae:
1093 3675 1275 3744 ,Flammam
1300 3674 1441 3734 haeretici
1466 3675 1623 3752 dogmatis,

313 3764 414 3824 licitus
430 3765 462 3823 iu
478 3763 675 3835 aedificandis,
691 3764 833 3824 ornandis
849 3765 953 3824 dotan—
967 3808 968 3819 t
981 3784 1042 3824 uon
1053 3763 1198 3823 utdeouit
1208 3765 1396 3841 apostolicam
1407 3765 1622 3834 auctoritatem,

312 3853 419 3930 disque
444 3853 585 3915 ecclesiis.
622 3853 751 3930 Populos
775 3853 954 3914 christianae
981 3853 1174 3929 incipientem
1199 3854 1334 3924 extinxit,
1366 3853 1419 3913 sed
1444 3853 1623 3931 negligendo

313 3942 465 4021 religionis
481 3944 616 4017 expertes
632 3943 733 4002 missis
749 3943 891 4019 operariis
916 3943 953 4002 ad

316 4031 423 4092 Christi
446 4033 545 4101 fidem,
557 4031 689 4094 adduxit.
722 4031 837 4110 Magnis
856 4031 951 4092 laudi·
1019 4048 1039 4112 ¹)
1056 4043 1097 4095 ef.
1120 4059 1194 4110 quae
1217 4042 1252 4096 de
1268 4042 1323 4096 hac
1343 4041 1547 4103 controversia,
1566 4057 1624 4109 qua

315 4121 370 4182 bus
387 4121 510 4180 effertur
524 4121 556 4178 in
578 4121 730 4197 epitaphio
753 4123 780 4180 ei
803 4121 900 4197 posito
923 4125 953 4180 et
981 4115 1089 4167 frustra
1102 4115 1264 4167 abrituntur
1284 4113 1442 4168 adversarii
1461 4112 1624 4166 infallibili·

314 4210 350 4268 ὼ
365 4209 581 4286 aequalibus&
613 4211 670 4271 sed
693 4211 831 4269 incautus
848 4210 952 4286 decep,
981 4185 1051 4238 tatis
1082 4185 1256 4267 pontificiae,
1277 4185 1431 4239 statuimus
1462 4184 1495 4237 in
1527 4187 1623 4266 nostro

981 4257 1158 4325 Compendro
1171 4257 1259 4310 theol.
1273 4257 1368 4327 dogm.
1380 4260 1406 4311 t.
1419 4257 1439 4311 l.
1454 4275 1481 4310 n.
1493 4262 1554 4320 435,
1573 4257 1624 4309 ubi

315 4301 365 4358 tus
381 4303 428 4358 θεῖ
443 4319 460 4358 ⁸
476 4299 578 4400 ΞΘΓΕῙῩ
593 4299 730 4401 ⁸pi⁸⁰9p0
746 4299 809 4400 dP„
832 4302 868 4358 ut
889 4301 953 4402 eju?
981 4327 1128 4382 exordiae
1149 4327 1325 4381 affirmamus
1348 4330 1378 4382 et
1389 4327 1624 4396 comprobamus:

315 4389 453 4464 probaret
471 4389 638 4458 consilium,
659 4389 780 4449 arleutro
798 4389 952 4466 premendi
983 4409 1007 4456 1.
1021 4399 1182 4454 Honorium
1204 4399 1236 4452 in
1257 4400 1312 4452 hae
1335 4415 1419 4452 causa
1442 4399 1553 4452 nullam
1566 4398 1624 4451 edi.

966 4470 1056 4535 ¹disse
1070 4470 1267 4524 definitionem
1290 4487 1323 4524 ex
1344 4469 1494 4528 cathedra:
1517 4474 1541 4521 ⁶2.
1562 4469 1623 4536 ejus

966 4540 967 4549 ’
981 4541 1080 4596 literae
1094 4541 1207 4595 nullum
1225 4541 1372 4595 continere
1386 4555 1509 4594 errorem
1523 4541 1624 4594 contra

351 4617 369 4684 ¹)
384 4613 427 4668 lta
440 4613 555 4668 Jonas
569 4613 633 4668 boh.
646 4615 678 4668 in
692 4614 752 4667 vita
766 4633 786 4668 a.
801 4613 953 4684 Bertulphi
982 4615 1082 4673 fidam;
1096 4620 1120 4669 3.
1135 4630 1201 4666 eum
1214 4630 1272 4666 non
1285 4615 1404 4682 propter
1420 4627 1552 4674 errorem,
1574 4610 1624 4664 sed

315 4701 337 4737 ⁰·
350 4684 437 4828 ppp
470 4684 897 4812 iilelttllxrlhdsfflffh
919 4681 1625 4826 00000100ὲο0000000100

314 4843 346 4882 eo
356 4847 382 4886 n.
395 4828 499 4898 5apud
513 4827 558 4882 Mi
568 4845 637 4900 gne
650 4829 759 4895 LXXX,
774 4834 842 4885 1000
856 4847 876 4882 e.
888 4827 953 4896 Epi·
967 4840 969 4877 l
983 4826 1250 4882 condemnationem
1271 4845 1329 4880 nou
1343 4843 1400 4880 uua.
1414 4827 1449 4879 de
1462 4842 1577 4879 causam
1590 4825 1624 4878 ai-

315 4899 406 4970 taphii
419 4903 523 4956 auctor
541 4917 559 4953 a
579 4899 842 4970 Pepebroohio
866 4899 954 4954 credi·
967 4885 969 4949 Ϊ
982 4899 1081 4952 milem
1094 4897 1187 4952 videri
1200 4897 1425 4967 reprehensioni,
1446 4913 1503 4965 qua
1517 4895 1624 4950 Paulus

313 4971 360 5024 tur
379 4971 530 5026 Donuel
551 4989 619 5028 rom¹
641 4972 773 5041 pontifex
791 4975 814 5045 (r
830 4981 870 5029 11.
885 4973 954 5040 Apr.
967 5006 970 5055 1
983 4971 1014 5024 in
1028 4985 1114 5023 eausa
1126 4970 1266 5040 legalium
1286 4970 1323 5024 Oe
1344 4970 1399 5023 hae
1419 4969 1451 5022 iu
1467 4968 1572 5023 faciem
1585 4985 1625 5022 re·

313 5045 385 5168 mli
419 5043 514 5098 Habes
539 5041 614 5098 illud
646 5043 678 5097 in
710 5043 833 5114 Migne
868 5042 897 5097 P.
924 5041 1177 5107 0180010012,
1193 5051 1234 5098 11.
1261 5041 1302 5098 Ol.
1349 5039 1625 5111 risaregregiede

314 5112 360 5168 Lx
386 5115 474 5182 xvir,
490 5121 567 5172 1153.
968 5112 971 5159 ἰ
984 5113 1111 5168 Honorio
1125 5113 1311 5168 disserentem
1323 5112 1380 5166 XL.
1394 5111 1442 5175 Vl.
1457 5115 1606 5170 230—257.
