4117 5842
440 549 500 606 815
745 537 895 587 sel-900.
910 529 1013 586 Variae
1025 528 1243 586 coutroversiae.
1256 527 1437 594 Ratramnua
1686 551 1752 605 315

438 721 507 778 dam
521 737 575 795 per
589 717 760 778 Germaniae
768 718 870 793 partes
880 717 1080 795 dogmatisare
1107 719 1146 778 lis
1161 717 1305 794 loquendi
1320 717 1572 787 duris,-iusoliiie,
1598 717 1754 776 obscuris:

439 805 1079 884 ,Christiiufantiampersirginalisjauuam
1106 807 1555 867 frustratamensacrameutarii
1566 805 1603 866 ad
1612 806 1754 865 Retram·

437 898 545 957 vulvae
560 897 706 955 humanae
720 895 889 955 nativitatis
905 915 1009 956 verum
1019 913 1080 954 nou
1108 915 1181 956 num
1192 897 1364 973 provocant,
1381 895 1468 970 qnasi
1483 895 1538 955 diu
1553 899 1622 955 ante
1638 895 1754 954 Bersu-

438 986 579 1046 habuisse
610 988 719 1055 ortum,
750 985 802 1044 sed
824 989 1015 1045 monstruose
1044 985 1080 1044 de
1107 985 1224 1063 garium
1239 984 1396 1062 negaverit
1417 985 1755 1044 maneubstantiationis

438 1079 549 1135 secreto
564 1075 680 1135 ventris
693 1073 808 1134 incerto
818 1074 939 1133 tramite
954 1073 1079 1134 luminis
1109 1076 1158 1134 vel
1174 1074 1261 1136 realis
1277 1073 1408 1150 corporis
1424 1073 1535 1134 Christi
1550 1075 1583 1133 in
1598 1073 1755 1132 eucharis·

437 1166 469 1224 iu
485 1183 571 1224 auras
586 1163 690 1234 exisse,
699 1163 780 1239 quod
793 1181 853 1222 uon
862 1164 1010 1234 estuaeci,
1027 1163 1080 1222 sed
1108 1164 1152 1222 iia
1167 1163 1352 1241 praesentiae
1364 1162 1480 1241 dogma,
1497 1182 1565 1223 nam
1579 1166 1645 1222 tam
1660 1181 1755 1240 argu-

438 1254 571 1331 erupisse
596 1250 734 1334 (lligue
749 1251 846 1324 CXXI,
864 1247 950 1334 83).‘
973 1253 1081 1313 Contra
1107 1253 1216 1312 mentis
1230 1251 1360 1312 summis
1376 1271 1467 1328 quam
1481 1251 1617 1324 internis,
1634 1271 1689 1311 seu
1699 1271 1756 1328 op-

438 1344 491 1402 hos
507 1346 613 1402 tuetur
621 1341 1080 1402 Batramnussiilosatisacerbo
1106 1340 1756 1419 portunalocorumcollationeaatiavindica·

439 1433 459 1493 l.
467 1432 566 1501 citato,
573 1429 723 1489 Christum
730 1430 1079 1490 eumhabuisaedeutero
1107 1434 1159 1490 tur
1173 1429 1519 1504 Batramuiorthodoria,
1538 1431 1755 1490 utnonsolum

438 1519 565 1597 virginis
574 1518 698 1590 exitum,
709 1538 797 1595 quem
807 1520 854 1578 lex
863 1523 1079 1580 naturaemou-
1108 1523 1212 1579 contra
1236 1519 1489 1598 sacramentarios,
1514 1519 1567 1579 sed
1590 1522 1622 1579 et
1647 1521 1756 1578 contra

354 1620 359 1629 ·
436 1612 522 1680 strat,
538 1627 577 1669 ne
593 1609 658 1685 ipsa
673 1608 815 1667 nativitas
826 1609 934 1668 Christi
950 1609 1077 1668 terima-
1107 1609 1260 1687 theologos
1292 1610 1452 1670 catholicos
1483 1607 1648 1691 (Sirium
1678 1626 1754 1673 asu..

438 1717 497 1774 que
512 1702 638 1758 naturae
647 1697 794 1757 humanae
808 1698 841 1756 iu
856 1697 983 1757 dubium
992 1715 1079 1756 voca·
1108 1698 1246 1767 Cellot,
1263 1697 1474 1770 Herdonia,
1492 1697 1754 1774 Schwaneetc)

437 1790 537 1846 retur:
558 1790 692 1846 attamen
714 1786 835 1859 fatetur,
860 1786 918 1846 fide
934 1787 1080 1846 catholica
1108 1787 1225 1847 erudite
1240 1789 1271 1846 et
1287 1787 1372 1846 docte
1388 1786 1752 1864 praestiteruntvirieru·

437 1876 616 1935 credendum
647 1893 722 1946 esse,
756 1875 878 1935 Mariam
909 1876 988 1936 sicut
1010 1879 1079 1934 ante
1108 1871 1206 1959 ditil).
1222 1876 1345 1936 Relatus
1360 1881 1460 1936 tamen
1476 1875 1535 1936 luit
1550 1878 1615 1953 ejus
1631 1875 1753 1935 liberin

435 1968 570 2042 partum:
601 1965 645 2024 ita
668 1964 759 2024 etiam
777 1965 817 2023 iu
841 1968 931 2041 partu
956 1968 987 2023 et
1011 1967 1081 2041 post
1107 1965 1138 2024 ll.
1163 1965 1382 2042 prohibitorum
1406 1965 1536 2025 indicem
1559 1965 1644 2035 forte,
1669 1965 1751 2041 quod

437 2060 558 2131 partum
568 2053 713 2131 virginem
723 2053 929 2128 permansisse.
944 2054 1080 2114 Alterius
1107 2055 1290 2114 occasionem
1307 2055 1413 2115 sallem
1429 2055 1584 2131 praeberet
1599 2054 1753 2113 erroribus

439 2143 604 2202 sententiae
626 2142 685 2202 fuit
709 2143 888 2202 Paschasius
913 2143 1079 2202 Radber·
1107 2142 1752 2212 eirccss.eucharistieesacramentumimo

438 2236 510 2300 tua
527 2233 613 2308 cujus
621 2232 944 2294 tamenluouridetur
951 2233 1079 2292 novisse.
1108 2233 1211 2308 plures
1227 2233 1364 2292 catholici
1380 2233 1468 2292 illurn
1484 2233 1664 2292 declararint
1678 2232 1748 2292 hae·

437 2321 553 2380 Prodiit
568 2321 620 2380 ille
638 2321 670 2379 iu
689 2320 847 2398 spicilegio
872 2320 1041 2380 Dacherii
1055 2321 1078 2391 Ι,
1107 2321 1234 2380 reticem
1259 2324 1290 2380 et
1315 2321 1454 2381 haeretici
1477 2341 1579 2382 revera
1594 2341 1629 2382 eo
1644 2321 1751 2380 abote-

440 2418 624 2474 318-344.
646 2442 691 2453 —
713 2409 993 2469 Nominatissimum
1010 2428 1079 2468 vero
1106 2414 1226 2470 rentur:
1242 2429 1319 2470 ereo
1335 2411 1489 2474 demuma.
1501 2420 1583 2475 1900
1594 2413 1752 2487 exemptus

438 2499 570 2558 reddidit
585 2499 778 2558 Retramnum
798 2500 973 2576 praesertim
988 2517 1080 2575 penes
1107 2502 1161 2558 ost
1178 2499 1351 2576 Saepissime
1366 2500 1480 2578 prodiit
1495 2500 1752 2574 hocopusculum,

365 2659 373 2676 Ι
439 2588 684 2648 sacramentarios
698 2587 719 2651 l.
733 2589 767 2646 de
776 2607 896 2665 corpore
905 2591 1081 2666 etacnpuine
1108 2589 1245 2648 Coloniae
1258 2597 1360 2660 15323
1376 2589 1511 2648 Cenesae
1524 2599 1602 2653 1541
1619 2610 1626 2660 ;
1641 2589 1753 2649 Parisii

440 2678 567 2748 Domini,
600 2696 687 2753 quem
714 2677 841 2752 jubente
865 2677 966 2736 Carolo
991 2678 1079 2736 Calvo
1111 2685 1192 2741 1712
1219 2678 1299 2738 notis
1324 2679 1352 2736 J.
1373 2678 1536 2738 Boileau
1562 2678 1753 2738 illustratum

435 2766 611 2843 composuit.
642 2766 731 2825 Ortae
747 2765 828 2825 enim
843 2770 918 2826 tuuc
933 2771 1006 2826 suut
1021 2767 1075 2825 ali·
1107 2769 1161 2826 etc.
1177 2799 1221 2810 —
1235 2766 1418 2843 Epistolaad
1432 2764 1750 2850 Bimbertum(qui

436 2859 512 2931 quot
526 2856 745 2915 controversiae
757 2856 794 2914 de
803 2855 983 2914 eucharistia
997 2856 1079 2914 inco·
1107 2856 1228 2914 videtur
1242 2855 1320 2914 idern
1337 2874 1406 2915 cnm
1422 2874 1445 2916 s.
1462 2856 1678 2930 Ramberto,
1703 2875 1751 2916 ar·

438 2944 514 3004 lumi
530 2947 668 3003 manente
683 2944 821 3021 dogmate
830 2944 975 3004 catholico
991 2963 1074 3020 prae-
1107 2943 1290 3021 chiepiscopo
1321 2945 1532 3022 hamburgensi
1562 2965 1587 3004 a
1612 2941 1690 3026 865)
1715 2947 1751 3004 de

440 3033 546 3093 sertim
562 3033 711 3092 occasione
727 3034 746 3093 l.
764 3033 914 3093 Paschaeii
930 3033 1079 3094 liodberti.
1107 3035 1315 3115 cynocephalis,
1332 3037 1435 3094 utrum
1445 3033 1481 3092 de
1492 3034 1572 3093 Adae
1582 3034 1646 3094 sint
1656 3035 1751 3110 stirpe

441 3122 560 3199 Duplici
577 3122 746 3198 quaestioni
767 3122 878 3181 nititur
900 3123 1079 3182 Batmmnue
1107 3123 1263 3200 progeniti,
1289 3143 1327 3182 au
1352 3123 1518 3182 bestiarum
1541 3123 1672 3182 habeant
1686 3124 1750 3182 aui·

440 3231 495 3272 suo
510 3212 531 3271 1.
546 3212 734 3287 respondere,
751 3230 841 3287 quarn
851 3212 967 3289 itaipse
982 3231 1077 3272 enun-
1109 3229 1181 3282 mas,
1198 3211 1243 3273 ed.
1260 3232 1278 3271 a
1294 3212 1382 3271 Cebr.
1398 3212 1487 3271 Dum
1498 3215 1565 3271 ont
1580 3211 1611 3270 iu
1628 3211 1750 3272 disade

439 3301 499 3360 ciat
515 3298 628 3383 (iligna
643 3299 740 3370 CXXI,
760 3295 852 3383 129):
869 3300 1079 3369 ,Quodinllc-
1107 3300 1313 3377 cynocephalis
1336 3301 1450 3360 inserte
1471 3305 1493 3364 t.
1510 3300 1559 3360 VI.
1581 3301 1651 3360 hist
1668 3302 1749 3361 criti-

439 3390 528 3449 clesia
543 3409 593 3449 ere
607 3388 741 3447 fidelium
762 3390 901 3461 sumitur,
924 3409 1034 3465 corpus
1049 3393 1080 3450 et
1107 3409 1158 3449 cae
1181 3390 1363 3466 reipublicae
1385 3389 1749 3460 hieratio-messenianae,

439 3479 563 3556 sanguis
578 3477 695 3549 Christi,
713 3478 955 3553 quaeritvestrac
962 3481 1079 3557 magui·
1107 3479 1662 3557 Amstelodamiltlip.188-196;
1680 3479 1749 3538 Ou-

439 3567 554 3627 tudinis
570 3566 753 3636 excellentia,
771 3568 955 3643 iumysterio
970 3569 1079 3640 datan
1107 3568 1173 3628 diu
1202 3567 1238 3627 de
1264 3568 1366 3645 script
1397 3568 1466 3627 eccl.
1491 3569 1529 3640 11,
1559 3577 1747 3638 iss-1353

439 3657 470 3714 in
487 3656 612 3716 veritate
627 3655 647 3717 i.
663 3674 687 3714 e.
711 3657 813 3715 utrum
837 3657 951 3732 aliquid
974 3657 1080 3717 secreti
1107 3657 1234 3734 Migne
1251 3657 1347 3728 CXXI,
1367 3666 1566 3722 1153-1157.
1598 3657 1668 3716 Alia
1693 3657 1748 3716 Ra·

438 3746 598 3815 contiueat,
615 3744 695 3820 quod
711 3745 805 3804 oculis
816 3745 1000 3806 solummodo
1010 3747 1079 3805 fidei
1108 3745 1217 3805 tramni
1235 3746 1345 3823 scripta
1359 3746 1523 3822 perierunt,
1540 3749 1576 3805 ut
1590 3745 1669 3806 illud
1681 3765 1749 3806 con-

439 3836 548 3911 pateat,
563 3854 602 3893 au
618 3834 681 3894 sine
703 3835 910 3911 cujuscunque
931 3836 1080 3896 velatione
1108 3839 1154 3894 tra
1185 3835 1379 3894 Hincmarum
1409 3853 1464 3912 pro
1488 3835 1617 3894 formula
1640 3835 1750 3904 ,Trina

439 3923 576 4000 mysterii
591 3924 646 3983 hoc
654 3926 791 4000 aspectus
805 3924 961 3984 intueatur
975 3943 1079 4000 corpo·
1107 3924 1210 3984 Deitas
1221 3931 1251 3994 ς(
1267 3926 1303 3983 de
1317 3927 1427 3995 enimc,
1444 3924 1525 4000 quod
1539 3924 1602 3984 scil.
1617 3943 1679 3983 non
1688 3942 1749 3983 oru-

439 4012 481 4071 rie
497 4012 638 4084 erterius,
649 4012 729 4087 quod
741 4013 849 4072 mentis
859 4014 943 4073 risus
954 4014 1080 4090 aspiciat
1108 4015 1194 4072 nium
1219 4012 1373 4073 hominum
1399 4013 1440 4072 sit
1464 4031 1524 4072 una
1548 4009 1679 4094 auimff)
1695 4018 1749 4074 etc

436 4102 574 4172 interius,
607 4105 643 4160 ut
666 4104 773 4174 totum,
805 4103 886 4178 quod
911 4103 1020 4181 agitur,
1047 4103 1079 4161 in
1108 4103 1181 4179 Ejus
1198 4103 1307 4178 scripta
1322 4103 1446 4162 collecta
1467 4101 1558 4162 habes
1574 4103 1606 4160 iu
1621 4102 1749 4178 Migne

438 4190 685 4250 manifestationis
717 4191 783 4250 luce
814 4193 985 4252 clarescat<
1020 4191 1080 4261 ,Et
1110 4192 1142 4255 P.
1157 4191 1189 4250 L.
1206 4190 1303 4263 CXXI,
1321 4201 1460 4255 9-356,
1485 4191 1586 4250 Vitam
1606 4191 1748 4266 produxit

438 4274 612 4362 utrum(sit)
623 4280 724 4356 ipsum
733 4281 1080 4356 corpus,quoddehlaria
1107 4280 1213 4339 saltem
1229 4298 1325 4355 usquc
1340 4281 1378 4340 ad
1396 4289 1468 4344 868.

439 4368 1079 4445 Vnatumosi,etpassum,mortuumetse·
1137 4443 1165 4446 —
1236 4443 1265 4446 Ν

430 4459 568 4536 pultum,
585 4458 664 4535 quod
680 4476 838 4536 resurgens
859 4461 894 4560 et
918 4461 1015 4561 coelos
1030 4477 1077 4518 as·
1147 4521 1252 4578 ¹Cfd
1389 4521 1395 4533 ,
1453 4521 1469 4575 J
1536 4520 1599 4573 B,
1721 4521 1728 4532 .

438 4548 566 4607 candens
575 4547 610 4606 ad
626 4548 777 4607 dexteram
786 4549 882 4608 Patris
896 4549 1078 4611 consedeat}
1108 4526 1164 4649 hoo)
1176 4528 1347 4665 opimam
1360 4522 1748 4665 &fflfknag·03}1¹'llel¹‘lff¹12¹6¹}

439 4636 881 4713 nannetensem
897 4639 1079 4715 recondent
1110 4665 1324 4734 000300
1337 4663 1538 4720 caeterea
1551 4663 1749 4720 arenaria

439 4725 517 4785 libri.
542 4726 657 4803 Duplex
672 4729 772 4785 autem
788 4727 925 4802 quaestio
940 4746 1001 4787 nou
1016 4731 1080 4786 tam
1107 4737 1196 4807 hujus
1209 4735 1347 4807 temporis
1359 4735 1547 4791 Mabillon
1560 4736 1592 4790 iu
1605 4735 1686 4791 Actis
1704 4737 1748 4792 SS.

439 4817 575 4874 versatur
605 4815 682 4874 circa
706 4816 855 4893 dogmatis
880 4817 1017 4876 catholici
1042 4816 1078 4874 de
1107 4808 1275 4871 0.e.B.v1,
1288 4807 1467 4868 81—1302J.
1480 4806 1748 4890 Ernetdiehehre

439 4904 619 4964 eucharisti„
655 4904 863 4976 substantiam,
895 4924 993 4981 quam,
1025 4906 1079 4964 hae
1107 4880 1157 4934 dee
1170 4881 1198 4934 h.
1212 4879 1242 4936 P.
1256 4878 1417 4934 Radbertus
1430 4895 1487 4934 rou
1500 4879 1551 4934 der
1559 4877 1748 4941 Euchanstre,

439 4992 578 5064 admissa,
594 4994 730 5068 sequelae
746 4994 846 5070 potius
861 4995 961 5072 sangis
975 4998 1007 5054 0²
1015 5013 1078 5055 1¹1⁰·
1108 4951 1382 5096 Frdssdlifgflliiiant.
1406 5021 1440 5088 V,
1466 5027 1624 5082 sac-3522
1656 5021 1747 5076 zeer

440 5081 512 5138 dum
526 5081 675 5157 loquendi.
707 5082 809 5142 Utitur
829 5083 951 5158 quidem
966 5083 1078 5144 formu·
1106 5093 1163 5148 KL.
1177 5095 1209 5160 X,
1222 5097 1374 5151 sos-807.
