4117 5842
331 595 393 649 793
834 576 878 630 Jo.
891 576 993 630 Suetus
1008 575 1142 648 Erigenn.
1580 593 1642 646 794

328 765 456 824 Domum
470 762 547 823 illud
564 763 659 823 edidit
672 762 800 822 Thomas
816 763 970 832 Galeas,
1000 763 1084 838 ejus‘,
1107 764 1139 822 et
1159 760 1406 822 adrevaldus
1422 780 1511 821 suum
1526 763 1560 820 ds
1575 779 1643 822 cor'·

329 852 435 912 Oronti
463 861 565 924 16813
590 853 776 912 Sehldtsr
799 852 972 910 Monosterii
994 869 1069 926 pore
1081 859 1107 909 et
1116 854 1257 929 sanquine
1267 851 1386 910 Domini
1401 851 1419 911 l.
1436 851 1554 926 scripsit
1564 869 1643 923 ,eon-

332 951 435 1012 18383
458 942 528 1001 hino
548 942 658 1001 iterum
675 959 744 1000 eum
759 941 920 1016 appendice
936 960 972 1001 ex
1000 946 1047 998 tre
1062 940 1191 1016 ineptias
1201 940 1248 1000 Jo.
1258 940 1362 1010 Seuti‘;
1377 941 1499 999 Beren
1508 941 1643 1017 garine

329 1031 481 1109 ambiguis
502 1050 525 1090 a
540 1030 660 1091 Maximi
682 1030 867 1106 prohibitum
888 1033 920 1089 et
940 1031 973 1090 in
1001 1047 1120 1105 quoqne
1142 1046 1200 1089 see.
1223 1029 1256 1089 X.
1280 1029 1318 1088 ad
1343 1049 1411 1088 enm
1435 1033 1586 1105 provoest,
1613 1035 1646 1088 et

328 1122 362 1179 ll.
377 1121 599 1196 prohibitorum
615 1119 744 1179 iudicem
759 1119 819 1178 fuit
834 1120 972 1183 relatum.
1001 1127 1105 1194 postea
1112 1119 1253 1195 pluribus
1269 1119 1301 1177 in
1315 1117 1437 1194 synodis
1453 1119 1518 1193 ejus
1534 1118 1554 1176 l.
1571 1137 1643 1178 eon-

328 1209 369 1268 Itt
382 1210 503 1268 sanein
522 1228 558 1268 eo
576 1212 681 1269 tuetur
697 1209 884 1284 apertissime
899 1228 972 1284 pan·
1001 1208 1109 1267 sensus
1125 1213 1216 1284 atque
1231 1209 1296 1285 igni
1312 1207 1371 1266 fuit
1385 1207 1523 1266 traditus.
1555 1207 1645 1267 Hisne

327 1299 501 1370 thsismum,
517 1297 606 1358 illurn
620 1298 767 1369 videlieet,
788 1317 878 1372 quem
893 1317 972 1357 ems·
1001 1315 1064 1356 non
1078 1296 1268 1357 obstantibus
1282 1296 1403 1356 videtur
1417 1295 1554 1366 dubium,
1570 1315 1644 1356 num

327 1389 467 1447 nativum
482 1391 599 1457 nouant,
614 1398 647 1446 et
661 1387 763 1463 pluras
780 1387 973 1464 gravissimus
1001 1387 1049 1447 Jo.
1066 1387 1172 1445 Scotus
1187 1386 1257 1445 data
1271 1404 1361 1462 opera
1377 1386 1395 1448 l.
1412 1385 1449 1443 de
1464 1385 1645 1444 eucharistia

328 1476 483 1536 docuisse
498 1476 676 1536 christianae
690 1477 833 1536 veritates
848 1477 885 1534 ad
900 1496 974 1552 pan·
1002 1475 1169 1551 scripserit:
1195 1495 1271 1550 quae
1286 1493 1357 1534 vero
1374 1475 1402 1533 ei
1417 1475 1643 1550 exprobrantur,

327 1566 451 1626 theismi
472 1567 564 1625 istius
590 1565 708 1624 decreta
732 1565 898 1625 miserrime
921 1565 972 1624 de·
1002 1565 1147 1641 leguntur
1160 1564 1193 1622 iu
1208 1564 1229 1627 l.
1246 1563 1445 1623 Batramni
1468 1563 1504 1622 de
1527 1564 1582 1622 hoo
1596 1583 1643 1622 ar·

326 1657 442 1732 pravat
1003 1657 1154 1731 gamonio,
1177 1653 1230 1730 qui
1252 1654 1280 1712 ei
1300 1672 1335 1712 ex
1350 1671 1449 1712 errore
1464 1653 1513 1712 vel
1528 1654 1643 1729 oonjeo·

1001 1745 1071 1802 tura
1092 1739 1323 1823 tribuebatur1).
1355 1743 1492 1802 Ceterum
1516 1741 1542 1799 si
1563 1745 1644 1802 oam-

375 1842 449 1897 433.
460 1833 671 1911 AliaeJ'usdem
682 1852 770 1909 opera
781 1836 871 1894 sunt:
887 1834 973 1892 Hom.
1002 1831 1079 1910 logis
1095 1834 1231 1891 veterum
1247 1831 1283 1892 de
1304 1832 1335 1889 ll.
1351 1831 1398 1893 Jo.
1415 1831 1492 1890 Scoti
1510 1830 1582 1890 fides
1598 1834 1644 1890 est

328 1928 361 1984 in
372 1924 624 2002 protoparentis.
636 1922 974 1992 seeundumioanuem;
1002 1921 1145 1991 habenda,
1169 1921 1298 1998 plurima
1317 1920 1452 1997 ejusdem
1467 1919 1577 1996 scripta
1591 1919 1642 1978 de·

328 2013 535 2073 commentarii
544 2015 577 2071 in
586 2013 639 2071 Eo.
650 2013 808 2072 amandam
816 2012 971 2087 Joonoem,
1002 2009 1179 2079 siderentur,
1196 2014 1249 2070 eut
1257 2009 1414 2086 deperdita
1422 2012 1477 2067 snt
1488 2008 1520 2067 in
1535 2009 1643 2068 biblio·

329 2122 460 2179 quorum
475 2103 643 2180 tegmenta
662 2105 781 2161 tantum
801 2105 973 2178 supersunt.
1000 2099 1096 2159 tbeeie
1112 2098 1332 2158 delitssoentia:
1356 2099 1432 2158 forte
1453 2097 1484 2156 in
1500 2097 1581 2157 hisee
1597 2117 1644 2157 er·

328 2193 375 2251 Do
384 2193 650 2267 praedestinatione
665 2191 694 2261 l.,
719 2191 806 2266 eujus
829 2192 901 2250 haeo
923 2210 973 2251 ex·
1000 2207 1090 2248 renea
1099 2189 1200 2264 aliqua
1210 2189 1257 2247 vel
1267 2187 1408 2265 ambigua
1417 2186 1453 2246 de
1463 2186 1643 2246 eucharistia

328 2283 413 2341 stitit
427 2280 549 2340 messio.
575 2281 775 2339 Damnaverat
790 2280 973 2340 Hinoma·
1000 2277 1191 2355 legabuntur:
1215 2280 1248 2336 et
1269 2296 1345 2354 quae
1367 2276 1516 2336 habentur
1538 2275 1570 2334 in
1586 2276 1644 2334 Ex-

328 2390 396 2430 rus
412 2370 651 2430 Gottesuhaloum
672 2374 708 2427 ut
723 2369 971 2445 praedestinatia-
1001 2368 1090 2441 posit.
1107 2385 1198 2443 snper
1213 2367 1286 2425 hier.
1302 2367 1374 2426 eoel.
1398 2385 1461 2441 eap.
1482 2377 1493 2428 1
1515 2362 1532 2432 ἓ
1550 2373 1568 2428 3
1587 2365 1642 2443 (ed.

327 2481 411 2520 num.
436 2460 514 2518 Hine
530 2460 631 2535 plnres
646 2458 872 2518 arbitrabantur
887 2477 972 2534 prae·
1000 2457 1111 2516 Floss
1123 2475 1152 2531 p.
1167 2457 1240 2535 140)
1251 2455 1391 2514 sinistrae
1401 2455 1643 2531 interpretationi

329 2550 427 2609 sulem
442 2548 528 2607 illum
546 2549 576 2606 in
593 2547 796 2607 Gottesobaloo
811 2548 933 2624 petiisse
949 2566 973 2612 s.
1001 2544 1416 2622 poterantdsreoooasionem.
1433 2543 1643 2621 Scriptaquae

329 2639 545 2716 augustinum.
570 2638 675 2714 Itaque
690 2637 800 2695 aeriter
815 2655 884 2694 enm
900 2642 974 2695 sunt
1000 2639 1173 2711 supersunt,
1205 2635 1327 2710 eollegit
1358 2633 1512 2709 ediditque
1535 2632 1644 2692 Floes

330 2728 466 2806 aggressi
490 2728 616 2803 ejusque
645 2725 774 2785 amioum
798 2725 971 2795 Pardalari,
999 2725 1031 2781 in
1049 2723 1173 2801 lligne
1189 2725 1221 2784 P.
1237 2722 1268 2785 L.
1285 2721 1395 2782 CXXII.

329 2836 375 2894 ep.
391 2817 619 2895 lugdunensem,
643 2816 696 2892 qui
717 2815 746 2874 ei
767 2814 799 2874 in
815 2814 870 2874 hac
885 2833 972 2874 eausa

329 2906 532 2966 fidelissimam
543 2907 733 2982 praestiterat
742 2908 973 2981 operamzstque
1047 2911 1119 2966 434.
1142 2902 1225 2961 Inter
1246 2900 1410 2977 theologos,
1427 2899 1480 2974 qui
1505 2899 1586 2958 hisee
1610 2899 1642 2956 in

329 2995 368 3055 sd
376 2995 486 3055 inuitas
495 2995 556 3055 fere
564 2994 755 3071 redegerunt.
774 2993 870 3062 Quare
881 2994 971 3052 Hine·
999 2991 1209 3050 controversiis
1221 2990 1410 3049 emicuerunt
1425 2988 1553 3063 aliisque
1568 2989 1642 3046 reri-

329 3103 430 3144 marue
454 3088 572 3160 praeter
595 3083 670 3142 alios
691 3085 723 3141 et
746 3083 892 3142 Joannem
917 3101 970 3141 no·
999 3081 1061 3156 ptis
1082 3080 1158 3140 hano
1177 3080 1370 3139 illustrarunt
1391 3076 1554 3153 periodum,
1578 3075 1640 3135 exi·

330 3177 428 3232 strum
444 3173 623 3232 sollicitatus
639 3175 693 3240 est,
717 3177 753 3229 ut
775 3173 807 3230 iu
826 3171 969 3230 auxilium
999 3171 1094 3229 mium
1110 3171 1197 3246 plane
1213 3169 1336 3227 virtutis
1355 3170 1443 3243 juxta
1465 3170 1555 3240 atque
1571 3165 1639 3224 dou·

329 3263 454 3322 veniret
479 3260 757 3338 Composuitigitur
771 3262 876 3320 scotus
891 3260 972 3320 huno
998 3259 1096 3318 trinae
1111 3259 1280 3334 exemplum
1298 3257 1448 3315 cernimus
1471 3256 1503 3313 in
1525 3255 1554 3317 b.
1571 3253 1641 3312 lta-

329 3352 350 3415 l.
373 3370 462 3410 suum
488 3354 578 3425 atque
602 3350 765 3410 dialectiois
789 3350 970 3426 philosophi·
998 3349 1096 3407 bano
1116 3349 1228 3419 Mauro,
1251 3346 1395 3422 scriptore
1419 3345 1509 3420 hujus
1533 3343 1643 3402 aetatis

329 3442 432 3516 eisque
455 3441 520 3499 suis
543 3439 728 3518 argumentis
750 3440 872 3498 arduam
895 3439 970 3497 bano
998 3438 1073 3496 forte
1104 3437 1238 3496 omnium
1269 3433 1514 3494 laboriosissimo.
1557 3432 1640 3502 Quod

329 3529 533 3606 quaestionem
546 3529 742 3606 theologicam
757 3528 843 3587 nisus
857 3532 904 3587 est
919 3547 969 3586 ex·
996 3527 1143 3586 Alouinue
1168 3527 1233 3584 erat
1256 3543 1309 3600 pro
1334 3524 1513 3583 Francorum
1539 3541 1639 3597 regno,

329 3619 441 3696 pedire,
456 3618 722 3678 sedinfelioissimu
731 3635 883 3676 eucoessu:
898 3637 969 3676 nam
996 3619 1060 3676 erat
1070 3616 1208 3674 Rabsnus
1224 3633 1278 3690 pro
1291 3613 1455 3683 Germania,
1472 3612 1542 3671 hine
1557 3611 1638 3671 sulu-

329 3709 514 3787 gravissimis
543 3708 724 3783 invictisque
757 3707 851 3765 armis
881 3707 968 3765 illum
994 3708 1079 3764 tatur
1102 3704 1285 3777 ,Germaniae
1308 3706 1499 3778 praeceptor‘.
1529 3701 1602 3760 Erat
1614 3701 1643 3760 is

329 3801 401 3857 sunt
415 3797 551 3875 aggressi
576 3797 836 3866 Prudentius,
862 3797 914 3871 qui
940 3795 967 3855 ei
995 3814 1030 3853 ex
1052 3795 1167 3853 illustri
1188 3793 1326 3870 prosapia
1342 3792 1513 3869 Mognntiae
1532 3791 1638 3850 oriun-

332 3897 370 3951 '17
386 3905 502 3948 errores
511 3886 676 3962 exprobrat,
693 3889 724 3943 et
737 3885 891 3955 Florus,
908 3885 968 3943 imo
996 3884 1052 3943 dus
1069 3903 1096 3946 n.
1114 3901 1137 3946 a.
1156 3893 1226 3947 786.
1258 3882 1436 3958 Appellatus
1456 3883 1503 3939 est
1517 3882 1550 3939 in
1566 3878 1638 3955 bsp-

328 3977 405 4036 duae
430 3975 538 4053 synodi
563 3975 772 4033 valentina
797 3993 822 4036 a.
849 3983 911 4037 855
938 3979 968 4032 et
994 3974 1085 4032 tismo
1124 3972 1262 4031 Rebanus
1294 3967 1493 4053 (Hrabanue),
1533 3987 1641 4028 nornen

328 4064 600 4145 lingoniensis
623 4064 719 4141 ipsius
734 4065 753 4126 l.
776 4065 808 4122 et
829 4063 975 4138 capitula,
997 4063 1119 4120 Mauri
1135 4059 1526 4125 eidatumestabAluuino,
1544 4058 1639 4133 Mag-

329 4155 645 4232 quibnsoommentnm
653 4153 765 4212 diaboli
773 4153 968 4229 potiusquam
995 4145 1364 4232 nentinsfflagnetins)
1375 4167 1482 4208 nomen
1494 4151 1641 4222 eratgen·

328 4249 537 4322 argumentum
551 4242 672 4318 aliquod
687 4242 755 4302 fidei
771 4242 967 4312 contineatur,
996 4240 1122 4298 tilitinm
1140 4237 1237 4320 (juxta
1252 4239 1327 4297 alios
1344 4238 1422 4297 idem
1438 4256 1471 4296 ao
1487 4236 1639 4313 Mogonti-

327 4333 606 4415 prosoripseruntt).
617 4333 779 4391 —Ferunt
794 4350 862 4390 enm
878 4331 969 4389 etiam
998 4367 1156 4372 ———-

327 4423 480 4500 seripsisse
495 4422 724 4481 damnaretis.
747 4420 967 4480 EtssneHinc·
1037 4427 1107 4498 ¹)Ci.
1128 4427 1234 4480 Floss
1253 4426 1285 4478 in
1306 4425 1395 4496 praef.
1414 4423 1492 4494 apud
1513 4421 1542 4474 M
1550 4423 1639 4492 igne

327 4531 429 4572 marne
448 4512 607 4570 sumentis
623 4513 724 4587 aperte
740 4508 969 4586 {matringitde
997 4498 1098 4555 CXXll
1117 4515 1184 4570 pag.
1203 4497 1255 4550 XX
1268 4514 1319 4554 aa:
1345 4495 1458 4577 Lause
1480 4493 1571 4548 Ueber
1592 4493 1638 4546 die

326 4601 426 4679 praed·
443 4618 467 4659 θ’
484 4612 534 4670 31,
551 4600 631 4674 quod
643 4601 731 4676 jum
745 4599 846 4674 ipsum
861 4616 965 4668 'sam
997 4565 1528 4650 verlorengehalteneSchriftdeslob.
1539 4565 1639 4619 Suetus

997 4660 1053 4697 von
1076 4642 1126 4695 der
1148 4641 1236 4695 Euoh.
1259 4659 1290 4712 ip
1314 4638 1405 4692 'lheol
1436 4636 1557 4691 Studien
1578 4637 1638 4689 und

327 4699 463 4750 mentum
479 4689 657 4749 alarinen
681 4707 782 4746 verum
806 4705 915 4762 ⁰⁰⁷1>1¹⁸
938 4694 969 4745 es
996 4713 1130 4767 sannen
1147 4717 1215 4770 resa
1229 4713 1249 4774 1,
1269 4717 1322 4768 755
1336 4727 1370 4764 ss.
1397 4708 1588 4762 assensuram
1603 4705 1638 4761 de

327 4799 418 4840 verus
433 4780 476 4838 sit
490 4779 613 4856 sangnis
629 4776 757 4846 Domini,
782 4776 834 4835 sed
849 4779 969 4834 tantum
996 4802 1029 4839 eo
1043 4786 1078 4839 cf.
1091 4785 1170 4853 apud
1180 4784 1224 4837 Fr.
1241 4782 1442 4851 Ueberweg
1455 4779 1638 4834 Grundr.dar

254 4881 257 4888 '
328 4869 470 4930 memoria
493 4870 557 4927 veri
588 4867 719 4943 eorporis
749 4869 781 4925 et
811 4864 967 4942 sanguinis
996 4857 1097 4982 30⁸2}
1111 4855 1161 4938 def
1175 4855 1256 4940 Phil,
1280 4852 1377 4935 Berlin
1392 4858 1461 4976 188?
1474 4851 1529 4975 Il⁷‚t
1531 4858 1586 4933 ,131
1601 4868 1637 4974 οἳ.

329 5009 488 5019 --
995 4931 1270 5054 satistatis
1282 4939 1440 5069 tf‘tttt
1458 4939 1639 5064 essse.

367 5081 386 5151 Ι)
399 5076 441 5132 cf.
454 5074 586 5130 Helela
604 5071 915 5146 Consiliengeechichte
929 5073 967 5126 lv
994 5071 1216 5126 destinationem
1237 5072 1276 5124 ib.
1290 5090 1316 5141 p.
1334 5074 1383 5126 186
1397 5084 1431 5121 ss.
1453 5069 1482 5120 et
1500 5065 1593 5120 fusius
1605 5064 1636 5117 in

329 5155 416 5214 5449.
995 5142 1095 5198 (iasub.
1108 5143 1158 5196 der
1170 5159 1216 5212 ap.
1231 5162 1258 5197 u.
1272 5140 1390 5211 potnit
1404 5139 1437 5202 ΙΙ,
1452 5141 1601 5196 670-693.
