<?xml version="1.0" encoding="UTF-8"?>
<!DOCTYPE html PUBLIC "-//W3C//DTD XHTML 1.0 Transitional//EN"
    "http://www.w3.org/TR/xhtml1/DTD/xhtml1-transitional.dtd">
<html xmlns="http://www.w3.org/1999/xhtml" xml:lang="en" lang="en">
 <head>
  <title>
</title>
<meta http-equiv="Content-Type" content="text/html;charset=utf-8" />
  <meta name='ocr-system' content='tesseract 3.04.00' />
  <meta name='ocr-capabilities' content='ocr_page ocr_carea ocr_par ocr_line ocrx_word'/>
</head>
<body>
  <div class='ocr_page' id='page_1' title='image "./nomenclatorlite02hurtgoog/nomenclatorlite02hurtgoog_0451.png"; bbox 0 0 4117 5842; ppageno 0'>
   <div class='ocr_carea' id='block_1_1' title="bbox 320 556 1629 634">
    <p class='ocr_par' dir='ltr' id='par_1_1' title="bbox 320 556 1629 634">
     <span class='ocr_line' id='line_1_1' title="bbox 320 556 1629 634; baseline -0.024 -2"><span class='ocrx_word' id='word_1_1' title='bbox 320 578 379 632; x_wconf 83' lang='grc'>861</span> <span class='ocrx_word' id='word_1_2' title='bbox 682 559 838 631; x_wconf 80' lang='lat' dir='ltr'>Theologia</span> <span class='ocrx_word' id='word_1_3' title='bbox 851 564 990 634; x_wconf 76' lang='lat' dir='ltr'>practIca.</span> <span class='ocrx_word' id='word_1_4' title='bbox 1002 556 1262 616; x_wconf 87' lang='lat' dir='ltr'>Pseudo-Isidorus.</span> <span class='ocrx_word' id='word_1_5' title='bbox 1568 575 1629 630; x_wconf 67' lang='lat'>362</span> 
     </span>
    </p>
   </div>
   <div class='ocr_carea' id='block_1_2' title="bbox 318 743 1659 5199">
    <p class='ocr_par' dir='ltr' id='par_1_2' title="bbox 318 743 1659 5199">
     <span class='ocr_line' id='line_1_2' title="bbox 319 743 1631 830; baseline -0.004 -22"><span class='ocrx_word' id='word_1_6' title='bbox 319 753 374 808; x_wconf 88' lang='lat' dir='ltr'>eut</span> <span class='ocrx_word' id='word_1_7' title='bbox 390 757 465 819; x_wconf 76' lang='lat' dir='ltr'>eol,</span> <span class='ocrx_word' id='word_1_8' title='bbox 484 749 572 823; x_wconf 84' lang='lat' dir='ltr'>juxto</span> <span class='ocrx_word' id='word_1_9' title='bbox 595 748 712 824; x_wconf 87' lang='lat' dir='ltr'>aliquos</span> <span class='ocrx_word' id='word_1_10' title='bbox 738 759 765 812; x_wconf 85' lang='grc'>3.</span> <span class='ocrx_word' id='word_1_11' title='bbox 782 750 867 808; x_wconf 77' lang='lat' dir='ltr'>Mart.</span> <span class='ocrx_word' id='word_1_12' title='bbox 885 747 961 830; x_wconf 79' lang='lat'>532)</span> <span class='ocrx_word' id='word_1_13' title='bbox 992 748 1152 808; x_wconf 71' lang='lat' dir='ltr'><strong>dubitabat</strong></span> <span class='ocrx_word' id='word_1_14' title='bbox 1168 746 1363 826; x_wconf 87' lang='lat' dir='ltr'>genuinitate.</span> <span class='ocrx_word' id='word_1_15' title='bbox 1389 743 1520 804; x_wconf 84' lang='lat' dir='ltr'>Dubiam</span> <span class='ocrx_word' id='word_1_16' title='bbox 1536 745 1631 821; x_wconf 89' lang='lat' dir='ltr'>quod-</span> 
     </span>
     <span class='ocr_line' id='line_1_3' title="bbox 318 833 1632 900; baseline -0.001 -4"><span class='ocrx_word' id='word_1_17' title='bbox 318 839 364 896; x_wconf 90' lang='lat' dir='ltr'>ed.</span> <span class='ocrx_word' id='word_1_18' title='bbox 380 857 398 896; x_wconf 88' lang='lat' dir='ltr'>a</span> <span class='ocrx_word' id='word_1_19' title='bbox 414 838 442 900; x_wconf 81' lang='lat'>0.</span> <span class='ocrx_word' id='word_1_20' title='bbox 459 837 642 897; x_wconf 87' lang='lat' dir='ltr'>deSmedt</span> <span class='ocrx_word' id='word_1_21' title='bbox 673 838 707 896; x_wconf 93' lang='lat' dir='ltr'>in</span> <span class='ocrx_word' id='word_1_22' title='bbox 727 839 812 899; x_wconf 81' lang='lat' dir='ltr'>Anal.</span> <span class='ocrx_word' id='word_1_23' title='bbox 828 838 962 898; x_wconf 90' lang='lat' dir='ltr'>Bolland.</span> <span class='ocrx_word' id='word_1_24' title='bbox 990 839 1058 898; x_wconf 88' lang='lat' dir='ltr'>dem</span> <span class='ocrx_word' id='word_1_25' title='bbox 1083 838 1241 898; x_wconf 83' lang='lat' dir='ltr'>moverunt</span> <span class='ocrx_word' id='word_1_26' title='bbox 1263 835 1327 894; x_wconf 84' lang='lat' dir='ltr'>llic.</span> <span class='ocrx_word' id='word_1_27' title='bbox 1352 833 1387 894; x_wconf 87' lang='lat' dir='ltr'>de</span> <span class='ocrx_word' id='word_1_28' title='bbox 1413 835 1510 894; x_wconf 81' lang='lat' dir='ltr'>Cusa</span> <span class='ocrx_word' id='word_1_29' title='bbox 1531 837 1562 892; x_wconf 91' lang='lat' dir='ltr'>et</span> <span class='ocrx_word' id='word_1_30' title='bbox 1585 835 1632 896; x_wconf 84' lang='lat' dir='ltr'>Jo.</span> 
     </span>
     <span class='ocr_line' id='line_1_4' title="bbox 321 922 1633 1004; baseline -0.005 -14"><span class='ocrx_word' id='word_1_31' title='bbox 321 937 417 992; x_wconf 90' lang='grc'>1888.</span> <span class='ocrx_word' id='word_1_32' title='bbox 434 927 498 996; x_wconf 85' lang='lat' dir='ltr'>VII,</span> <span class='ocrx_word' id='word_1_33' title='bbox 521 935 762 990; x_wconf 77' lang='lat'>172—249.-</span> <span class='ocrx_word' id='word_1_34' title='bbox 778 927 962 987; x_wconf 85' lang='lat' dir='ltr'>Gislema·</span> <span class='ocrx_word' id='word_1_35' title='bbox 989 925 1262 1004; x_wconf 85' lang='lat' dir='ltr'>I&#39;orquenrada‚</span> <span class='ocrx_word' id='word_1_36' title='bbox 1280 924 1331 983; x_wconf 92' lang='lat' dir='ltr'>sed</span> <span class='ocrx_word' id='word_1_37' title='bbox 1347 923 1430 982; x_wconf 92' lang='lat' dir='ltr'>nullo</span> <span class='ocrx_word' id='word_1_38' title='bbox 1446 922 1554 983; x_wconf 87' lang='lat' dir='ltr'>fructu.</span> <span class='ocrx_word' id='word_1_39' title='bbox 1571 923 1633 983; x_wconf 88' lang='lat' dir='ltr'>Sec.</span> 
     </span>
     <span class='ocr_line' id='line_1_5' title="bbox 318 1012 1632 1094; baseline -0.003 -19"><span class='ocrx_word' id='word_1_40' title='bbox 318 1035 400 1074; x_wconf 89' lang='lat' dir='ltr'>rum</span> <span class='ocrx_word' id='word_1_41' title='bbox 418 1017 450 1075; x_wconf 89' lang='grc' dir='ltr'>Ο.</span> <span class='ocrx_word' id='word_1_42' title='bbox 467 1017 495 1081; x_wconf 85' lang='lat' dir='ltr'>S,</span> <span class='ocrx_word' id='word_1_43' title='bbox 510 1017 583 1075; x_wconf 91' lang='lat' dir='ltr'>Ben.</span> <span class='ocrx_word' id='word_1_44' title='bbox 598 1016 776 1075; x_wconf 87' lang='lat' dir='ltr'>monachum</span> <span class='ocrx_word' id='word_1_45' title='bbox 791 1035 813 1077; x_wconf 89' lang='lat' dir='ltr'>s.</span> <span class='ocrx_word' id='word_1_46' title='bbox 824 1017 962 1076; x_wconf 80' lang='lat' dir='ltr'><strong>Germani</strong></span> <span class='ocrx_word' id='word_1_47' title='bbox 990 1017 1056 1076; x_wconf 82' lang='lat' dir='ltr'>XVI</span> <span class='ocrx_word' id='word_1_48' title='bbox 1080 1019 1242 1094; x_wconf 87' lang='lat' dir='ltr'>coeperunt</span> <span class='ocrx_word' id='word_1_49' title='bbox 1265 1013 1323 1072; x_wconf 86' lang='lat' dir='ltr'>viri</span> <span class='ocrx_word' id='word_1_50' title='bbox 1346 1012 1441 1072; x_wconf 83' lang='lat' dir='ltr'>crItici</span> <span class='ocrx_word' id='word_1_51' title='bbox 1462 1031 1564 1072; x_wconf 89' lang='lat' dir='ltr'>eorum</span> <span class='ocrx_word' id='word_1_52' title='bbox 1581 1031 1632 1090; x_wconf 89' lang='lat' dir='ltr'>ge·</span> 
     </span>
     <span class='ocr_line' id='line_1_6' title="bbox 319 1101 1659 1188; baseline -0.002 -24"><span class='ocrx_word' id='word_1_53' title='bbox 319 1105 356 1164; x_wconf 89' lang='lat' dir='ltr'>de</span> <span class='ocrx_word' id='word_1_54' title='bbox 373 1106 470 1165; x_wconf 77' lang='lat' dir='ltr'>Pratis</span> <span class='ocrx_word' id='word_1_55' title='bbox 487 1103 519 1188; x_wconf 93' lang='lat'>(†</span> <span class='ocrx_word' id='word_1_56' title='bbox 536 1101 624 1185; x_wconf 84' lang='lat'>886),</span> <span class='ocrx_word' id='word_1_57' title='bbox 647 1107 734 1180; x_wconf 89' lang='lat' dir='ltr'>cujus</span> <span class='ocrx_word' id='word_1_58' title='bbox 757 1109 805 1164; x_wconf 99' lang='grc' dir='ltr'>θεῖ</span> <span class='ocrx_word' id='word_1_59' title='bbox 828 1106 915 1164; x_wconf 81' lang='lat' dir='ltr'>erilis</span> <span class='ocrx_word' id='word_1_60' title='bbox 933 1110 964 1165; x_wconf 90' lang='lat' dir='ltr'>et</span> <span class='ocrx_word' id='word_1_61' title='bbox 989 1106 1171 1166; x_wconf 89' lang='lat' dir='ltr'>nuinitatem</span> <span class='ocrx_word' id='word_1_62' title='bbox 1187 1101 1379 1166; x_wconf 81' lang='lat' dir='ltr'>solidioribus</span> <span class='ocrx_word' id='word_1_63' title='bbox 1394 1102 1426 1161; x_wconf 92' lang='lat' dir='ltr'>in</span> <span class='ocrx_word' id='word_1_64' title='bbox 1442 1101 1568 1161; x_wconf 89' lang='lat' dir='ltr'>dubium</span> <span class='ocrx_word' id='word_1_65' title='bbox 1581 1121 1632 1162; x_wconf 88' lang='lat' dir='ltr'>vo·</span> <span class='ocrx_word' id='word_1_66' title='bbox 1657 1121 1659 1125; x_wconf 72' lang='grc'>’</span> 
     </span>
     <span class='ocr_line' id='line_1_7' title="bbox 319 1190 1633 1272; baseline -0.004 -18"><span class='ocrx_word' id='word_1_67' title='bbox 319 1213 380 1254; x_wconf 90' lang='lat' dir='ltr'>non</span> <span class='ocrx_word' id='word_1_68' title='bbox 399 1196 500 1272; x_wconf 86' lang='lat' dir='ltr'>magni</span> <span class='ocrx_word' id='word_1_69' title='bbox 522 1194 615 1269; x_wconf 84' lang='lat' dir='ltr'>pretii</span> <span class='ocrx_word' id='word_1_70' title='bbox 637 1197 695 1253; x_wconf 81' lang='lat' dir='ltr'>cito</span> <span class='ocrx_word' id='word_1_71' title='bbox 710 1213 733 1253; x_wconf 85' lang='lat' dir='ltr'>s.</span> <span class='ocrx_word' id='word_1_72' title='bbox 750 1195 901 1254; x_wconf 65' lang='lat' dir='ltr'>Woetooei</span> <span class='ocrx_word' id='word_1_73' title='bbox 915 1197 960 1260; x_wconf 84' lang='lat' dir='ltr'>ab,</span> <span class='ocrx_word' id='word_1_74' title='bbox 991 1213 1056 1254; x_wconf 88' lang='lat' dir='ltr'>care</span> <span class='ocrx_word' id='word_1_75' title='bbox 1081 1193 1260 1262; x_wconf 88' lang='lat' dir='ltr'>rationibus,</span> <span class='ocrx_word' id='word_1_76' title='bbox 1285 1195 1317 1251; x_wconf 87' lang='lat' dir='ltr'>et</span> <span class='ocrx_word' id='word_1_77' title='bbox 1340 1211 1358 1250; x_wconf 89' lang='lat' dir='ltr'>a</span> <span class='ocrx_word' id='word_1_78' title='bbox 1382 1209 1438 1250; x_wconf 90' lang='lat' dir='ltr'>seo.</span> <span class='ocrx_word' id='word_1_79' title='bbox 1462 1190 1567 1250; x_wconf 85' lang='lat' dir='ltr'>XVIII.</span> <span class='ocrx_word' id='word_1_80' title='bbox 1583 1192 1633 1250; x_wconf 81' lang='lat' dir='ltr'>vin</span> 
     </span>
     <span class='ocr_line' id='line_1_8' title="bbox 320 1280 1633 1360; baseline -0.002 -18"><span class='ocrx_word' id='word_1_81' title='bbox 320 1283 463 1344; x_wconf 86' lang='lat' dir='ltr'>basilicae</span> <span class='ocrx_word' id='word_1_82' title='bbox 478 1302 502 1340; x_wconf 89' lang='lat' dir='ltr'>s.</span> <span class='ocrx_word' id='word_1_83' title='bbox 518 1283 667 1343; x_wconf 78' lang='lat' dir='ltr'>vincentii</span> <span class='ocrx_word' id='word_1_84' title='bbox 690 1284 723 1342; x_wconf 93' lang='lat' dir='ltr'>iu</span> <span class='ocrx_word' id='word_1_85' title='bbox 746 1284 892 1343; x_wconf 89' lang='lat' dir='ltr'>suburbio</span> <span class='ocrx_word' id='word_1_86' title='bbox 907 1285 962 1343; x_wconf 90' lang='lat' dir='ltr'>Pa·</span> <span class='ocrx_word' id='word_1_87' title='bbox 990 1284 1066 1343; x_wconf 87' lang='lat' dir='ltr'>forte</span> <span class='ocrx_word' id='word_1_88' title='bbox 1082 1284 1191 1360; x_wconf 89' lang='lat' dir='ltr'>aliquis</span> <span class='ocrx_word' id='word_1_89' title='bbox 1208 1283 1274 1351; x_wconf 90' lang='lat' dir='ltr'>erit,</span> <span class='ocrx_word' id='word_1_90' title='bbox 1292 1283 1345 1356; x_wconf 88' lang='lat' dir='ltr'>qui</span> <span class='ocrx_word' id='word_1_91' title='bbox 1361 1300 1426 1340; x_wconf 87' lang='lat' dir='ltr'>eam</span> <span class='ocrx_word' id='word_1_92' title='bbox 1441 1280 1519 1341; x_wconf 89' lang='lat' dir='ltr'>serio</span> <span class='ocrx_word' id='word_1_93' title='bbox 1538 1281 1633 1339; x_wconf 87' lang='lat' dir='ltr'>adhue</span> 
     </span>
     <span class='ocr_line' id='line_1_9' title="bbox 318 1369 1632 1449; baseline -0.003 -17"><span class='ocrx_word' id='word_1_94' title='bbox 318 1374 438 1444; x_wconf 76' lang='lat' dir='ltr'>risiare,</span> <span class='ocrx_word' id='word_1_95' title='bbox 448 1392 524 1449; x_wconf 90' lang='lat' dir='ltr'>quae</span> <span class='ocrx_word' id='word_1_96' title='bbox 532 1375 635 1449; x_wconf 86' lang='lat' dir='ltr'>postes</span> <span class='ocrx_word' id='word_1_97' title='bbox 643 1391 665 1435; x_wconf 92' lang='lat' dir='ltr'>s.</span> <span class='ocrx_word' id='word_1_98' title='bbox 674 1372 812 1432; x_wconf 84' lang='lat' dir='ltr'>Germani</span> <span class='ocrx_word' id='word_1_99' title='bbox 820 1373 962 1444; x_wconf 87' lang='lat' dir='ltr'>estdicta,</span> <span class='ocrx_word' id='word_1_100' title='bbox 991 1375 1122 1432; x_wconf 90' lang='lat' dir='ltr'>tueatur.</span> <span class='ocrx_word' id='word_1_101' title='bbox 1154 1372 1239 1442; x_wconf 79' lang='lat' dir='ltr'>Quod</span> <span class='ocrx_word' id='word_1_102' title='bbox 1265 1389 1335 1430; x_wconf 84' lang='lat' dir='ltr'>vero</span> <span class='ocrx_word' id='word_1_103' title='bbox 1351 1369 1532 1430; x_wconf 76' lang='lat' dir='ltr'>collectionis</span> <span class='ocrx_word' id='word_1_104' title='bbox 1548 1388 1632 1428; x_wconf 88' lang='lat' dir='ltr'>auc·</span> 
     </span>
     <span class='ocr_line' id='line_1_10' title="bbox 318 1458 1632 1537; baseline -0.005 -15"><span class='ocrx_word' id='word_1_105' title='bbox 318 1463 365 1522; x_wconf 87' lang='lat' dir='ltr'>ed.</span> <span class='ocrx_word' id='word_1_106' title='bbox 381 1463 415 1521; x_wconf 91' lang='lat' dir='ltr'>iu</span> <span class='ocrx_word' id='word_1_107' title='bbox 431 1465 495 1522; x_wconf 83' lang='lat' dir='ltr'>Aet.</span> <span class='ocrx_word' id='word_1_108' title='bbox 518 1462 637 1526; x_wconf 83' lang='lat' dir='ltr'>SS.10.</span> <span class='ocrx_word' id='word_1_109' title='bbox 660 1463 746 1523; x_wconf 84' lang='lat' dir='ltr'>Mart.</span> <span class='ocrx_word' id='word_1_110' title='bbox 761 1461 799 1532; x_wconf 91' lang='lat' dir='ltr'>II,</span> <span class='ocrx_word' id='word_1_111' title='bbox 818 1471 963 1533; x_wconf 80' lang='lat'><strong>37-403</strong></span> <span class='ocrx_word' id='word_1_112' title='bbox 991 1464 1112 1522; x_wconf 89' lang='lat' dir='ltr'>torem</span> <span class='ocrx_word' id='word_1_113' title='bbox 1143 1463 1267 1537; x_wconf 82' lang='lat' dir='ltr'>spectat,</span> <span class='ocrx_word' id='word_1_114' title='bbox 1292 1478 1327 1518; x_wconf 91' lang='lat' dir='ltr'>ea</span> <span class='ocrx_word' id='word_1_115' title='bbox 1351 1459 1438 1518; x_wconf 88' lang='lat' dir='ltr'>initio</span> <span class='ocrx_word' id='word_1_116' title='bbox 1463 1458 1584 1534; x_wconf 89' lang='lat' dir='ltr'>quidem</span> <span class='ocrx_word' id='word_1_117' title='bbox 1609 1477 1632 1517; x_wconf 92' lang='lat' dir='ltr'>s.</span> 
     </span>
     <span class='ocr_line' id='line_1_11' title="bbox 318 1547 1633 1628; baseline -0.007 -12"><span class='ocrx_word' id='word_1_118' title='bbox 318 1555 352 1612; x_wconf 89' lang='lat' dir='ltr'>in</span> <span class='ocrx_word' id='word_1_119' title='bbox 369 1551 597 1611; x_wconf 79' lang='lat' dir='ltr'>llubillonii</span> <span class='ocrx_word' id='word_1_120' title='bbox 613 1553 678 1614; x_wconf 83' lang='lat' dir='ltr'>Act.</span> <span class='ocrx_word' id='word_1_121' title='bbox 688 1550 711 1622; x_wconf 89' lang='grc' dir='ltr'>Ι,</span> <span class='ocrx_word' id='word_1_122' title='bbox 725 1560 915 1623; x_wconf 76' lang='lat' dir='ltr'>esa—2573</span> <span class='ocrx_word' id='word_1_123' title='bbox 931 1552 963 1610; x_wconf 91' lang='lat' dir='ltr'>in</span> <span class='ocrx_word' id='word_1_124' title='bbox 990 1551 1147 1611; x_wconf 87' lang='lat' dir='ltr'>Isidoro</span> <span class='ocrx_word' id='word_1_125' title='bbox 1163 1549 1325 1628; x_wconf 77' lang='lat' dir='ltr'>hispalensi</span> <span class='ocrx_word' id='word_1_126' title='bbox 1342 1549 1542 1620; x_wconf 86' lang='lat' dir='ltr'>tribuebatur,</span> <span class='ocrx_word' id='word_1_127' title='bbox 1552 1547 1633 1624; x_wconf 88' lang='lat' dir='ltr'>quod</span> 
     </span>
     <span class='ocr_line' id='line_1_12' title="bbox 319 1639 1632 1716; baseline -0.004 -15"><span class='ocrx_word' id='word_1_128' title='bbox 319 1643 384 1701; x_wconf 84' lang='lat' dir='ltr'>llG.</span> <span class='ocrx_word' id='word_1_129' title='bbox 401 1641 452 1704; x_wconf 87' lang='lat' dir='ltr'>SS.</span> <span class='ocrx_word' id='word_1_130' title='bbox 467 1659 524 1702; x_wconf 87' lang='lat' dir='ltr'>rar.</span> <span class='ocrx_word' id='word_1_131' title='bbox 539 1657 648 1701; x_wconf 80' lang='lat' dir='ltr'>meror.</span> <span class='ocrx_word' id='word_1_132' title='bbox 659 1639 712 1713; x_wconf 86' lang='lat'>111,</span> <span class='ocrx_word' id='word_1_133' title='bbox 732 1649 906 1706; x_wconf 79' lang='lat'>535-543</span> <span class='ocrx_word' id='word_1_134' title='bbox 917 1641 963 1702; x_wconf 90' lang='lat' dir='ltr'>ed.</span> <span class='ocrx_word' id='word_1_135' title='bbox 991 1640 1023 1699; x_wconf 90' lang='lat' dir='ltr'>in</span> <span class='ocrx_word' id='word_1_136' title='bbox 1040 1640 1221 1716; x_wconf 82' lang='lat' dir='ltr'>praefatione</span> <span class='ocrx_word' id='word_1_137' title='bbox 1237 1641 1303 1716; x_wconf 88' lang='lat' dir='ltr'>ejus</span> <span class='ocrx_word' id='word_1_138' title='bbox 1319 1640 1501 1714; x_wconf 87' lang='lat' dir='ltr'>compareret</span> <span class='ocrx_word' id='word_1_139' title='bbox 1515 1654 1632 1708; x_wconf 84' lang='lat' dir='ltr'>nomen,</span> 
     </span>
     <span class='ocr_line' id='line_1_13' title="bbox 318 1725 1633 1803; baseline -0.004 -13"><span class='ocrx_word' id='word_1_140' title='bbox 318 1731 481 1791; x_wconf 84' lang='lat' dir='ltr'>Krusch.</span> <span class='ocrx_word' id='word_1_141' title='bbox 498 1764 541 1773; x_wconf 92' lang='lat'><em>-</em></span> <span class='ocrx_word' id='word_1_142' title='bbox 556 1729 824 1789; x_wconf 87' lang='lat' dir='ltr'>llarcuardum</span> <span class='ocrx_word' id='word_1_143' title='bbox 840 1729 872 1790; x_wconf 93' lang='grc'>0.</span> <span class='ocrx_word' id='word_1_144' title='bbox 890 1730 916 1794; x_wconf 80' lang='lat' dir='ltr'>S.</span> <span class='ocrx_word' id='word_1_145' title='bbox 929 1731 963 1789; x_wconf 93' lang='lat' dir='ltr'>B.</span> <span class='ocrx_word' id='word_1_146' title='bbox 991 1731 1022 1789; x_wconf 89' lang='lat' dir='ltr'>et</span> <span class='ocrx_word' id='word_1_147' title='bbox 1038 1748 1073 1789; x_wconf 89' lang='lat' dir='ltr'>ea</span> <span class='ocrx_word' id='word_1_148' title='bbox 1088 1747 1191 1789; x_wconf 84' lang='lat' dir='ltr'>revera</span> <span class='ocrx_word' id='word_1_149' title='bbox 1211 1729 1358 1788; x_wconf 77' lang='lat' dir='ltr'>niteretur</span> <span class='ocrx_word' id='word_1_150' title='bbox 1380 1725 1507 1803; x_wconf 87' lang='lat' dir='ltr'>quadam</span> <span class='ocrx_word' id='word_1_151' title='bbox 1528 1727 1633 1786; x_wconf 88' lang='lat' dir='ltr'>collec-</span> 
     </span>
     <span class='ocr_line' id='line_1_14' title="bbox 319 1813 1632 1901; baseline -0.005 -21"><span class='ocrx_word' id='word_1_152' title='bbox 319 1813 962 1901; x_wconf 81' lang='lat' dir='ltr'>abbstemprumIsusem(†27.Febr.853),</span> <span class='ocrx_word' id='word_1_153' title='bbox 991 1819 1073 1878; x_wconf 89' lang='lat' dir='ltr'>tione</span> <span class='ocrx_word' id='word_1_154' title='bbox 1104 1819 1245 1896; x_wconf 89' lang='lat' dir='ltr'>hispano:</span> <span class='ocrx_word' id='word_1_155' title='bbox 1284 1837 1373 1895; x_wconf 87' lang='lat' dir='ltr'>quam</span> <span class='ocrx_word' id='word_1_156' title='bbox 1413 1835 1480 1876; x_wconf 92' lang='lat' dir='ltr'>cum</span> <span class='ocrx_word' id='word_1_157' title='bbox 1506 1816 1632 1874; x_wconf 85' lang='lat' dir='ltr'>Ricul·</span> 
     </span>
     <span class='ocr_line' id='line_1_15' title="bbox 321 1906 1632 1986; baseline -0.001 -17"><span class='ocrx_word' id='word_1_158' title='bbox 321 1911 409 1985; x_wconf 86' lang='lat' dir='ltr'>cnjus</span> <span class='ocrx_word' id='word_1_159' title='bbox 433 1909 510 1968; x_wconf 82' lang='lat' dir='ltr'>forte</span> <span class='ocrx_word' id='word_1_160' title='bbox 534 1911 581 1968; x_wconf 88' lang='lat' dir='ltr'>est</span> <span class='ocrx_word' id='word_1_161' title='bbox 603 1909 757 1967; x_wconf 70' lang='lat' dir='ltr'>transtatio</span> <span class='ocrx_word' id='word_1_162' title='bbox 778 1909 827 1969; x_wconf 87' lang='lat' dir='ltr'>SS.</span> <span class='ocrx_word' id='word_1_163' title='bbox 851 1909 963 1986; x_wconf 77' lang='lat' dir='ltr'>(thry-</span> <span class='ocrx_word' id='word_1_164' title='bbox 991 1906 1540 1984; x_wconf 85' lang='lat' dir='ltr'>phuaarehiepiscopusmoguntinus</span> <span class='ocrx_word' id='word_1_165' title='bbox 1553 1914 1632 1968; x_wconf 72' lang='lat'><strong>787·</strong></span> 
     </span>
     <span class='ocr_line' id='line_1_16' title="bbox 319 1991 1631 2081; baseline -0.005 -22"><span class='ocrx_word' id='word_1_166' title='bbox 319 1998 456 2059; x_wconf 89' lang='lat' dir='ltr'>santhi</span> <span class='ocrx_word' id='word_1_167' title='bbox 480 2001 512 2057; x_wconf 91' lang='lat' dir='ltr'>et</span> <span class='ocrx_word' id='word_1_168' title='bbox 535 1997 675 2057; x_wconf 84' lang='lat' dir='ltr'>Duriae</span> <span class='ocrx_word' id='word_1_169' title='bbox 697 1997 767 2061; x_wconf 85' lang='lat' dir='ltr'>llll.</span> <span class='ocrx_word' id='word_1_170' title='bbox 788 1991 820 2081; x_wconf 91' lang='lat'>(†</span> <span class='ocrx_word' id='word_1_171' title='bbox 842 2016 866 2057; x_wconf 91' lang='lat' dir='ltr'>c.</span> <span class='ocrx_word' id='word_1_172' title='bbox 884 1992 962 2079; x_wconf 81' lang='lat'>283)</span> <span class='ocrx_word' id='word_1_173' title='bbox 993 1993 1071 2079; x_wconf 83' lang='lat'>814)</span> <span class='ocrx_word' id='word_1_174' title='bbox 1087 2016 1141 2073; x_wconf 87' lang='lat' dir='ltr'>per</span> <span class='ocrx_word' id='word_1_175' title='bbox 1156 1997 1266 2056; x_wconf 85' lang='lat' dir='ltr'>Gallias</span> <span class='ocrx_word' id='word_1_176' title='bbox 1291 1995 1410 2073; x_wconf 85' lang='lat' dir='ltr'>vulgari</span> <span class='ocrx_word' id='word_1_177' title='bbox 1433 1995 1577 2065; x_wconf 86' lang='lat' dir='ltr'>curasset,</span> <span class='ocrx_word' id='word_1_178' title='bbox 1601 1997 1631 2052; x_wconf 91' lang='lat' dir='ltr'>et</span> 
     </span>
     <span class='ocr_line' id='line_1_17' title="bbox 319 2083 1631 2169; baseline -0.006 -21"><span class='ocrx_word' id='word_1_179' title='bbox 319 2083 963 2169; x_wconf 70' lang='lat' dir='ltr'>RomaiuNorumllonasteriumfflfinster·</span> <span class='ocrx_word' id='word_1_180' title='bbox 991 2086 1057 2162; x_wconf 88' lang='lat' dir='ltr'>ipse</span> <span class='ocrx_word' id='word_1_181' title='bbox 1073 2089 1177 2146; x_wconf 80' lang='lat' dir='ltr'>auctor</span> <span class='ocrx_word' id='word_1_182' title='bbox 1193 2085 1316 2144; x_wconf 90' lang='lat' dir='ltr'>habitus</span> <span class='ocrx_word' id='word_1_183' title='bbox 1332 2091 1385 2145; x_wconf 90' lang='lat' dir='ltr'>est.</span> <span class='ocrx_word' id='word_1_184' title='bbox 1410 2085 1516 2143; x_wconf 87' lang='lat' dir='ltr'>Postea</span> <span class='ocrx_word' id='word_1_185' title='bbox 1531 2084 1562 2142; x_wconf 88' lang='lat' dir='ltr'>iu</span> <span class='ocrx_word' id='word_1_186' title='bbox 1580 2101 1631 2141; x_wconf 85' lang='lat' dir='ltr'>su·</span> 
     </span>
     <span class='ocr_line' id='line_1_18' title="bbox 320 2170 1631 2258; baseline -0.005 -22"><span class='ocrx_word' id='word_1_187' title='bbox 320 2178 391 2238; x_wconf 90' lang='lat' dir='ltr'>eifel</span> <span class='ocrx_word' id='word_1_188' title='bbox 407 2176 445 2236; x_wconf 86' lang='lat' dir='ltr'>ad</span> <span class='ocrx_word' id='word_1_189' title='bbox 461 2175 528 2235; x_wconf 78' lang='lat' dir='ltr'>urs</span> <span class='ocrx_word' id='word_1_190' title='bbox 542 2170 682 2258; x_wconf 80' lang='lat' dir='ltr'>fluvium)</span> <span class='ocrx_word' id='word_1_191' title='bbox 697 2176 729 2235; x_wconf 94' lang='lat' dir='ltr'>in</span> <span class='ocrx_word' id='word_1_192' title='bbox 745 2177 776 2234; x_wconf 90' lang='lat' dir='ltr'>P.</span> <span class='ocrx_word' id='word_1_193' title='bbox 786 2177 818 2234; x_wconf 87' lang='lat' dir='ltr'>L.</span> <span class='ocrx_word' id='word_1_194' title='bbox 835 2177 963 2252; x_wconf 88' lang='lat' dir='ltr'>lligne</span> <span class='ocrx_word' id='word_1_195' title='bbox 991 2175 1153 2252; x_wconf 88' lang='lat' dir='ltr'>spiciouem</span> <span class='ocrx_word' id='word_1_196' title='bbox 1178 2175 1274 2235; x_wconf 89' lang='lat' dir='ltr'>vocati</span> <span class='ocrx_word' id='word_1_197' title='bbox 1297 2177 1369 2234; x_wconf 86' lang='lat' dir='ltr'>sunt</span> <span class='ocrx_word' id='word_1_198' title='bbox 1392 2171 1631 2232; x_wconf 80' lang='lat' dir='ltr'>Benedictus</span> 
     </span>
     <span class='ocr_line' id='line_1_19' title="bbox 321 2261 1630 2343; baseline -0.007 -15"><span class='ocrx_word' id='word_1_199' title='bbox 321 2267 419 2337; x_wconf 82' lang='lat' dir='ltr'>cxxl,</span> <span class='ocrx_word' id='word_1_200' title='bbox 452 2274 644 2336; x_wconf 75' lang='grc'>673-682;</span> <span class='ocrx_word' id='word_1_201' title='bbox 678 2264 759 2340; x_wconf 89' lang='lat' dir='ltr'>apud</span> <span class='ocrx_word' id='word_1_202' title='bbox 789 2265 901 2325; x_wconf 84' lang='lat' dir='ltr'>Floes</span> <span class='ocrx_word' id='word_1_203' title='bbox 932 2265 963 2323; x_wconf 89' lang='lat' dir='ltr'>in</span> <span class='ocrx_word' id='word_1_204' title='bbox 991 2265 1104 2336; x_wconf 81' lang='lat' dir='ltr'>LevIta,</span> <span class='ocrx_word' id='word_1_205' title='bbox 1143 2265 1328 2343; x_wconf 90' lang='lat' dir='ltr'>Otgarius</span> <span class='ocrx_word' id='word_1_206' title='bbox 1368 2281 1421 2322; x_wconf 88' lang='lat' dir='ltr'>seu</span> <span class='ocrx_word' id='word_1_207' title='bbox 1454 2261 1630 2339; x_wconf 68' lang='lat' dir='ltr'>autgarius,</span> 
     </span>
     <span class='ocr_line' id='line_1_20' title="bbox 319 2350 1630 2428; baseline -0.005 -12"><span class='ocrx_word' id='word_1_208' title='bbox 319 2357 458 2416; x_wconf 80' lang='lat' dir='ltr'>Annalen</span> <span class='ocrx_word' id='word_1_209' title='bbox 482 2354 535 2414; x_wconf 90' lang='lat' dir='ltr'>des</span> <span class='ocrx_word' id='word_1_210' title='bbox 558 2354 662 2413; x_wconf 87' lang='lat' dir='ltr'>histor.</span> <span class='ocrx_word' id='word_1_211' title='bbox 685 2353 809 2414; x_wconf 87' lang='lat' dir='ltr'>Vereins</span> <span class='ocrx_word' id='word_1_212' title='bbox 834 2354 884 2412; x_wconf 79' lang='lat' dir='ltr'>far</span> <span class='ocrx_word' id='word_1_213' title='bbox 907 2355 965 2412; x_wconf 89' lang='lat' dir='ltr'>den</span> <span class='ocrx_word' id='word_1_214' title='bbox 991 2353 1144 2415; x_wconf 89' lang='lat' dir='ltr'>Wsuilo</span> <span class='ocrx_word' id='word_1_215' title='bbox 1169 2354 1353 2424; x_wconf 86' lang='lat' dir='ltr'>senonensis,</span> <span class='ocrx_word' id='word_1_216' title='bbox 1371 2353 1502 2428; x_wconf 89' lang='lat' dir='ltr'>Lupus</span> <span class='ocrx_word' id='word_1_217' title='bbox 1528 2350 1630 2410; x_wconf 85' lang='lat' dir='ltr'>Serva·</span> 
     </span>
     <span class='ocr_line' id='line_1_21' title="bbox 321 2443 1632 2519; baseline -0.005 -14"><span class='ocrx_word' id='word_1_218' title='bbox 321 2443 519 2505; x_wconf 82' lang='lat' dir='ltr'>Niederrhein</span> <span class='ocrx_word' id='word_1_219' title='bbox 539 2453 631 2514; x_wconf 86' lang='grc'><strong>1869,</strong></span> <span class='ocrx_word' id='word_1_220' title='bbox 648 2443 708 2514; x_wconf 83' lang='lat' dir='ltr'>XX,</span> <span class='ocrx_word' id='word_1_221' title='bbox 730 2453 872 2507; x_wconf 76' lang='grc'><strong>112-183</strong></span> <span class='ocrx_word' id='word_1_222' title='bbox 896 2461 964 2502; x_wconf 87' lang='lat' dir='ltr'>cum</span> <span class='ocrx_word' id='word_1_223' title='bbox 990 2445 1051 2515; x_wconf 83' lang='lat' dir='ltr'>tua,</span> <span class='ocrx_word' id='word_1_224' title='bbox 1068 2443 1254 2504; x_wconf 86' lang='lat' dir='ltr'>Aldricus</span> <span class='ocrx_word' id='word_1_225' title='bbox 1270 2443 1632 2519; x_wconf 89' lang='lat' dir='ltr'>episeopuscanomauen·</span> 
     </span>
     <span class='ocr_line' id='line_1_22' title="bbox 322 2528 1632 2614; baseline -0.005 -20"><span class='ocrx_word' id='word_1_226' title='bbox 322 2532 964 2595; x_wconf 79' lang='lat' dir='ltr'>commentario-(lonstantiuumTii</span> <span class='ocrx_word' id='word_1_227' title='bbox 992 2534 1033 2592; x_wconf 85' lang='lat' dir='ltr'>sis</span> <span class='ocrx_word' id='word_1_228' title='bbox 1067 2529 1108 2614; x_wconf 88' lang='lat' dir='ltr'>(fl.</span> <span class='ocrx_word' id='word_1_229' title='bbox 1134 2551 1157 2592; x_wconf 88' lang='lat' dir='ltr'>e.</span> <span class='ocrx_word' id='word_1_230' title='bbox 1191 2528 1277 2614; x_wconf 84' lang='lat'>840),</span> <span class='ocrx_word' id='word_1_231' title='bbox 1309 2531 1393 2602; x_wconf 83' lang='lat' dir='ltr'>Eho,</span> <span class='ocrx_word' id='word_1_232' title='bbox 1423 2529 1632 2601; x_wconf 88' lang='lat' dir='ltr'>Rothadus,</span> 
     </span>
     <span class='ocr_line' id='line_1_23' title="bbox 324 2618 1631 2708; baseline -0.004 -26"><span class='ocrx_word' id='word_1_233' title='bbox 324 2620 424 2708; x_wconf 73' lang='grc' dir='ltr'>(Τίου)</span> <span class='ocrx_word' id='word_1_234' title='bbox 434 2623 609 2699; x_wconf 88' lang='lat' dir='ltr'>episcopum</span> <span class='ocrx_word' id='word_1_235' title='bbox 619 2618 720 2703; x_wconf 74' lang='lat'>(879),</span> <span class='ocrx_word' id='word_1_236' title='bbox 737 2623 824 2698; x_wconf 88' lang='lat' dir='ltr'>cujus</span> <span class='ocrx_word' id='word_1_237' title='bbox 840 2623 964 2681; x_wconf 78' lang='lat' dir='ltr'>historia</span> <span class='ocrx_word' id='word_1_238' title='bbox 992 2621 1206 2694; x_wconf 70' lang='lat' dir='ltr'>Wulssdus</span> <span class='ocrx_word' id='word_1_239' title='bbox 1237 2620 1455 2680; x_wconf 87' lang='lat' dir='ltr'>Leodaldus</span> <span class='ocrx_word' id='word_1_240' title='bbox 1480 2619 1631 2688; x_wconf 85' lang='lat' dir='ltr'>diaconus,</span> 
     </span>
     <span class='ocr_line' id='line_1_24' title="bbox 322 2706 1633 2793; baseline -0.005 -21"><span class='ocrx_word' id='word_1_241' title='bbox 322 2711 772 2789; x_wconf 80' lang='lat' dir='ltr'>corporiss.EuphemiseV.</span> <span class='ocrx_word' id='word_1_242' title='bbox 783 2716 814 2770; x_wconf 90' lang='lat' dir='ltr'>et</span> <span class='ocrx_word' id='word_1_243' title='bbox 823 2712 860 2775; x_wconf 84' lang='grc' dir='ltr'>Μ.</span> <span class='ocrx_word' id='word_1_244' title='bbox 870 2706 962 2793; x_wconf 87' lang='grc'>(303)</span> <span class='ocrx_word' id='word_1_245' title='bbox 992 2714 1121 2786; x_wconf 90' lang='lat' dir='ltr'>uterque</span> <span class='ocrx_word' id='word_1_246' title='bbox 1137 2711 1369 2770; x_wconf 88' lang='lat' dir='ltr'>Hincmarus</span> <span class='ocrx_word' id='word_1_247' title='bbox 1386 2712 1441 2769; x_wconf 90' lang='lat' dir='ltr'>etc.</span> <span class='ocrx_word' id='word_1_248' title='bbox 1457 2707 1633 2766; x_wconf 88' lang='lat' dir='ltr'>-Pariter</span> 
     </span>
     <span class='ocr_line' id='line_1_25' title="bbox 321 2795 1631 2879; baseline -0.006 -17"><span class='ocrx_word' id='word_1_249' title='bbox 321 2803 442 2879; x_wconf 88' lang='lat' dir='ltr'>saepius</span> <span class='ocrx_word' id='word_1_250' title='bbox 456 2801 595 2860; x_wconf 72' lang='lat' dir='ltr'>translati</span> <span class='ocrx_word' id='word_1_251' title='bbox 617 2800 730 2878; x_wconf 89' lang='lat' dir='ltr'>legitur</span> <span class='ocrx_word' id='word_1_252' title='bbox 751 2819 855 2876; x_wconf 82' lang='lat' dir='ltr'>graece</span> <span class='ocrx_word' id='word_1_253' title='bbox 876 2803 907 2858; x_wconf 90' lang='lat' dir='ltr'>et</span> <span class='ocrx_word' id='word_1_254' title='bbox 921 2801 964 2858; x_wconf 90' lang='lat' dir='ltr'>la·</span> <span class='ocrx_word' id='word_1_255' title='bbox 992 2799 1177 2859; x_wconf 86' lang='lat' dir='ltr'>dissentiunt</span> <span class='ocrx_word' id='word_1_256' title='bbox 1201 2799 1312 2860; x_wconf 88' lang='lat' dir='ltr'>eruditi</span> <span class='ocrx_word' id='word_1_257' title='bbox 1329 2799 1392 2858; x_wconf 85' lang='lat' dir='ltr'>sive</span> <span class='ocrx_word' id='word_1_258' title='bbox 1407 2797 1486 2856; x_wconf 87' lang='lat' dir='ltr'>cirea</span> <span class='ocrx_word' id='word_1_259' title='bbox 1509 2795 1631 2855; x_wconf 90' lang='lat' dir='ltr'>locum</span> 
     </span>
     <span class='ocr_line' id='line_1_26' title="bbox 322 2885 1631 2967; baseline -0.005 -16"><span class='ocrx_word' id='word_1_260' title='bbox 322 2895 385 2952; x_wconf 90' lang='lat' dir='ltr'>tine</span> <span class='ocrx_word' id='word_1_261' title='bbox 409 2891 441 2949; x_wconf 92' lang='lat' dir='ltr'>iu</span> <span class='ocrx_word' id='word_1_262' title='bbox 457 2894 523 2952; x_wconf 85' lang='lat' dir='ltr'>Act.</span> <span class='ocrx_word' id='word_1_263' title='bbox 548 2890 597 2952; x_wconf 89' lang='lat' dir='ltr'>SS.</span> <span class='ocrx_word' id='word_1_264' title='bbox 624 2901 673 2954; x_wconf 87' lang='grc'>18.</span> <span class='ocrx_word' id='word_1_265' title='bbox 694 2891 773 2966; x_wconf 85' lang='lat' dir='ltr'>Sept.</span> <span class='ocrx_word' id='word_1_266' title='bbox 797 2889 830 2959; x_wconf 87' lang='lat' dir='ltr'>V,</span> <span class='ocrx_word' id='word_1_267' title='bbox 855 2899 964 2953; x_wconf 79' lang='lat'>‘274-</span> <span class='ocrx_word' id='word_1_268' title='bbox 992 2888 1117 2967; x_wconf 88' lang='lat' dir='ltr'>originis</span> <span class='ocrx_word' id='word_1_269' title='bbox 1133 2889 1225 2965; x_wconf 87' lang='lat' dir='ltr'>hujus</span> <span class='ocrx_word' id='word_1_270' title='bbox 1241 2887 1433 2957; x_wconf 88' lang='lat' dir='ltr'>collectionis,</span> <span class='ocrx_word' id='word_1_271' title='bbox 1457 2904 1532 2962; x_wconf 89' lang='lat' dir='ltr'>quae</span> <span class='ocrx_word' id='word_1_272' title='bbox 1545 2885 1631 2960; x_wconf 80' lang='lat' dir='ltr'>juxta</span> 
     </span>
     <span class='ocr_line' id='line_1_27' title="bbox 324 2973 1630 3055; baseline -0.01 -11"><span class='ocrx_word' id='word_1_273' title='bbox 324 2992 386 3046; x_wconf 79' lang='grc'>283</span> <span class='ocrx_word' id='word_1_274' title='bbox 404 2983 459 3040; x_wconf 84' lang='grc' dir='ltr'>θῖε.</span> <span class='ocrx_word' id='word_1_275' title='bbox 877 3037 881 3044; x_wconf 85' lang='grc'>,</span> <span class='ocrx_word' id='word_1_276' title='bbox 992 2977 1066 3038; x_wconf 88' lang='lat' dir='ltr'>alios</span> <span class='ocrx_word' id='word_1_277' title='bbox 1083 2978 1196 3054; x_wconf 86' lang='lat' dir='ltr'>prodiit</span> <span class='ocrx_word' id='word_1_278' title='bbox 1211 2979 1258 3038; x_wconf 79' lang='lat' dir='ltr'>vel</span> <span class='ocrx_word' id='word_1_279' title='bbox 1268 2976 1448 3055; x_wconf 81' lang='lat' dir='ltr'>Moguutise,</span> <span class='ocrx_word' id='word_1_280' title='bbox 1465 2973 1512 3034; x_wconf 86' lang='lat' dir='ltr'>vel</span> <span class='ocrx_word' id='word_1_281' title='bbox 1523 2973 1630 3044; x_wconf 85' lang='lat' dir='ltr'>Remis,</span> 
     </span>
     <span class='ocr_line' id='line_1_28' title="bbox 991 3063 1632 3145; baseline -0.006 -19"><span class='ocrx_word' id='word_1_282' title='bbox 991 3068 1039 3126; x_wconf 80' lang='lat' dir='ltr'>uel</span> <span class='ocrx_word' id='word_1_283' title='bbox 1055 3068 1134 3145; x_wconf 87' lang='lat' dir='ltr'>apud</span> <span class='ocrx_word' id='word_1_284' title='bbox 1151 3068 1351 3128; x_wconf 75' lang='lat' dir='ltr'>cenomannos</span> <span class='ocrx_word' id='word_1_285' title='bbox 1375 3069 1445 3136; x_wconf 91' lang='lat' dir='ltr'>etc.;</span> <span class='ocrx_word' id='word_1_286' title='bbox 1471 3063 1533 3123; x_wconf 84' lang='lat' dir='ltr'>sive</span> <span class='ocrx_word' id='word_1_287' title='bbox 1556 3063 1632 3122; x_wconf 90' lang='lat' dir='ltr'>circa</span> 
     </span>
     <span class='ocr_line' id='line_1_29' title="bbox 366 3153 1631 3234; baseline -0.009 -10"><span class='ocrx_word' id='word_1_288' title='bbox 366 3170 440 3223; x_wconf 70' lang='lat'><strong>472.</strong></span> <span class='ocrx_word' id='word_1_289' title='bbox 456 3160 525 3219; x_wconf 81' lang='lat' dir='ltr'>Iam</span> <span class='ocrx_word' id='word_1_290' title='bbox 547 3159 700 3218; x_wconf 85' lang='lat' dir='ltr'>veniamus</span> <span class='ocrx_word' id='word_1_291' title='bbox 723 3157 760 3217; x_wconf 88' lang='lat' dir='ltr'>ed</span> <span class='ocrx_word' id='word_1_292' title='bbox 783 3157 963 3234; x_wconf 80' lang='lat' dir='ltr'>theologiam</span> <span class='ocrx_word' id='word_1_293' title='bbox 993 3157 1211 3234; x_wconf 86' lang='lat' dir='ltr'>suppositionis</span> <span class='ocrx_word' id='word_1_294' title='bbox 1228 3159 1388 3234; x_wconf 84' lang='lat' dir='ltr'>tempus,</span> <span class='ocrx_word' id='word_1_295' title='bbox 1405 3153 1485 3230; x_wconf 93' lang='lat' dir='ltr'>quod</span> <span class='ocrx_word' id='word_1_296' title='bbox 1502 3155 1548 3212; x_wconf 88' lang='lat' dir='ltr'>sat</span> <span class='ocrx_word' id='word_1_297' title='bbox 1563 3172 1631 3228; x_wconf 91' lang='lat' dir='ltr'>pro·</span> 
     </span>
     <span class='ocr_line' id='line_1_30' title="bbox 319 3243 1630 3326; baseline -0.007 -18"><span class='ocrx_word' id='word_1_298' title='bbox 319 3249 543 3326; x_wconf 81' lang='lat' dir='ltr'>practIcam.</span> <span class='ocrx_word' id='word_1_299' title='bbox 567 3247 655 3307; x_wconf 87' lang='lat' dir='ltr'>Haud</span> <span class='ocrx_word' id='word_1_300' title='bbox 670 3247 758 3324; x_wconf 87' lang='lat' dir='ltr'>pauci</span> <span class='ocrx_word' id='word_1_301' title='bbox 774 3265 899 3306; x_wconf 88' lang='lat' dir='ltr'>canones</span> <span class='ocrx_word' id='word_1_302' title='bbox 915 3248 962 3306; x_wconf 85' lang='lat' dir='ltr'>vel</span> <span class='ocrx_word' id='word_1_303' title='bbox 992 3245 1132 3305; x_wconf 87' lang='lat' dir='ltr'>hebiliter</span> <span class='ocrx_word' id='word_1_304' title='bbox 1162 3251 1208 3306; x_wconf 91' lang='lat' dir='ltr'>est</span> <span class='ocrx_word' id='word_1_305' title='bbox 1239 3247 1317 3306; x_wconf 85' lang='lat' dir='ltr'>circa</span> <span class='ocrx_word' id='word_1_306' title='bbox 1348 3263 1403 3304; x_wconf 91' lang='lat' dir='ltr'>sec.</span> <span class='ocrx_word' id='word_1_307' title='bbox 1428 3243 1476 3302; x_wconf 84' lang='grc' dir='ltr'>ΙΙΙ.</span> <span class='ocrx_word' id='word_1_308' title='bbox 1499 3243 1630 3301; x_wconf 88' lang='lat' dir='ltr'>medium</span> 
     </span>
     <span class='ocr_line' id='line_1_31' title="bbox 321 3329 1631 3418; baseline -0.006 -19"><span class='ocrx_word' id='word_1_309' title='bbox 321 3337 654 3399; x_wconf 78' lang='lat' dir='ltr'>statutaadideruntuel</span> <span class='ocrx_word' id='word_1_310' title='bbox 661 3338 855 3414; x_wconf 85' lang='lat' dir='ltr'>collegerunt.</span> <span class='ocrx_word' id='word_1_311' title='bbox 863 3336 963 3396; x_wconf 90' lang='lat' dir='ltr'>Primo</span> <span class='ocrx_word' id='word_1_312' title='bbox 991 3329 1205 3418; x_wconf 80' lang='grc'><strong>(847-856).</strong></span> <span class='ocrx_word' id='word_1_313' title='bbox 1221 3369 1266 3379; x_wconf 91' lang='grc'><strong>-</strong></span> <span class='ocrx_word' id='word_1_314' title='bbox 1281 3335 1316 3395; x_wconf 92' lang='lat' dir='ltr'>Id</span> <span class='ocrx_word' id='word_1_315' title='bbox 1326 3333 1463 3409; x_wconf 88' lang='lat' dir='ltr'>verojam</span> <span class='ocrx_word' id='word_1_316' title='bbox 1473 3332 1553 3409; x_wconf 86' lang='lat' dir='ltr'>apud</span> <span class='ocrx_word' id='word_1_317' title='bbox 1563 3351 1631 3392; x_wconf 89' lang='lat' dir='ltr'>sru-</span> 
     </span>
     <span class='ocr_line' id='line_1_32' title="bbox 320 3422 1632 3502; baseline -0.005 -14"><span class='ocrx_word' id='word_1_318' title='bbox 320 3429 388 3489; x_wconf 88' lang='lat' dir='ltr'>loco</span> <span class='ocrx_word' id='word_1_319' title='bbox 405 3427 605 3487; x_wconf 90' lang='lat' dir='ltr'>nominandus</span> <span class='ocrx_word' id='word_1_320' title='bbox 632 3430 711 3485; x_wconf 88' lang='lat' dir='ltr'>esset</span> <span class='ocrx_word' id='word_1_321' title='bbox 736 3426 867 3485; x_wconf 86' lang='lat' dir='ltr'>famosus</span> <span class='ocrx_word' id='word_1_322' title='bbox 892 3425 962 3484; x_wconf 90' lang='lat' dir='ltr'>Isi·</span> <span class='ocrx_word' id='word_1_323' title='bbox 991 3424 1070 3482; x_wconf 89' lang='lat' dir='ltr'>ditos</span> <span class='ocrx_word' id='word_1_324' title='bbox 1087 3425 1233 3496; x_wconf 80' lang='lat' dir='ltr'>convenit,</span> <span class='ocrx_word' id='word_1_325' title='bbox 1250 3422 1466 3502; x_wconf 86' lang='lat' dir='ltr'>suppositionis</span> <span class='ocrx_word' id='word_1_326' title='bbox 1488 3422 1632 3500; x_wconf 80' lang='lat' dir='ltr'>originem</span> 
     </span>
     <span class='ocr_line' id='line_1_33' title="bbox 319 3510 1631 3598; baseline -0.005 -21"><span class='ocrx_word' id='word_1_327' title='bbox 319 3519 437 3577; x_wconf 88' lang='lat' dir='ltr'>dorus</span> <span class='ocrx_word' id='word_1_328' title='bbox 453 3517 599 3576; x_wconf 81' lang='lat' dir='ltr'>Mercator</span> <span class='ocrx_word' id='word_1_329' title='bbox 607 3510 667 3598; x_wconf 84' lang='lat' dir='ltr'>(vel</span> <span class='ocrx_word' id='word_1_330' title='bbox 677 3511 838 3597; x_wconf 87' lang='lat' dir='ltr'>Peccator),</span> <span class='ocrx_word' id='word_1_331' title='bbox 856 3514 961 3574; x_wconf 91' lang='lat' dir='ltr'>sicon-</span> <span class='ocrx_word' id='word_1_332' title='bbox 990 3532 1088 3589; x_wconf 89' lang='lat' dir='ltr'>neque</span> <span class='ocrx_word' id='word_1_333' title='bbox 1105 3513 1304 3590; x_wconf 85' lang='lat' dir='ltr'>quaerendam</span> <span class='ocrx_word' id='word_1_334' title='bbox 1322 3532 1386 3573; x_wconf 91' lang='lat' dir='ltr'>esse</span> <span class='ocrx_word' id='word_1_335' title='bbox 1403 3512 1631 3590; x_wconf 86' lang='lat' dir='ltr'>inItaliagene·</span> 
     </span>
     <span class='ocr_line' id='line_1_34' title="bbox 320 3601 1631 3682; baseline -0.005 -16"><span class='ocrx_word' id='word_1_336' title='bbox 320 3610 414 3666; x_wconf 87' lang='lat' dir='ltr'>staret</span> <span class='ocrx_word' id='word_1_337' title='bbox 429 3607 498 3682; x_wconf 89' lang='lat' dir='ltr'>quis</span> <span class='ocrx_word' id='word_1_338' title='bbox 515 3606 572 3665; x_wconf 89' lang='lat' dir='ltr'>sub</span> <span class='ocrx_word' id='word_1_339' title='bbox 587 3624 622 3664; x_wconf 88' lang='lat' dir='ltr'>eo</span> <span class='ocrx_word' id='word_1_340' title='bbox 638 3605 757 3664; x_wconf 89' lang='lat' dir='ltr'>nomine</span> <span class='ocrx_word' id='word_1_341' title='bbox 780 3605 879 3665; x_wconf 87' lang='lat' dir='ltr'>lateat.</span> <span class='ocrx_word' id='word_1_342' title='bbox 902 3604 962 3662; x_wconf 73' lang='lat' dir='ltr'>alii</span> <span class='ocrx_word' id='word_1_343' title='bbox 989 3603 1088 3674; x_wconf 88' lang='lat' dir='ltr'>retim,</span> <span class='ocrx_word' id='word_1_344' title='bbox 1113 3621 1210 3678; x_wconf 89' lang='lat' dir='ltr'>neque</span> <span class='ocrx_word' id='word_1_345' title='bbox 1233 3603 1386 3680; x_wconf 89' lang='lat' dir='ltr'>speciatim</span> <span class='ocrx_word' id='word_1_346' title='bbox 1403 3601 1519 3672; x_wconf 84' lang='lat' dir='ltr'>Romae,</span> <span class='ocrx_word' id='word_1_347' title='bbox 1540 3606 1631 3678; x_wconf 88' lang='lat' dir='ltr'>atque</span> 
     </span>
     <span class='ocr_line' id='line_1_35' title="bbox 320 3692 1631 3771; baseline -0.005 -15"><span class='ocrx_word' id='word_1_348' title='bbox 320 3698 414 3756; x_wconf 85' lang='lat' dir='ltr'>alium</span> <span class='ocrx_word' id='word_1_349' title='bbox 432 3695 625 3771; x_wconf 89' lang='lat' dir='ltr'>suspicantur</span> <span class='ocrx_word' id='word_1_350' title='bbox 633 3693 816 3753; x_wconf 85' lang='lat' dir='ltr'>collectionIs</span> <span class='ocrx_word' id='word_1_351' title='bbox 832 3694 962 3753; x_wconf 85' lang='lat' dir='ltr'>decreta-</span> <span class='ocrx_word' id='word_1_352' title='bbox 989 3709 1062 3753; x_wconf 90' lang='lat' dir='ltr'>rom.</span> <span class='ocrx_word' id='word_1_353' title='bbox 1079 3693 1233 3768; x_wconf 84' lang='lat' dir='ltr'>pontifices</span> <span class='ocrx_word' id='word_1_354' title='bbox 1249 3693 1363 3753; x_wconf 89' lang='lat' dir='ltr'>nullam</span> <span class='ocrx_word' id='word_1_355' title='bbox 1385 3693 1417 3750; x_wconf 93' lang='lat' dir='ltr'>in</span> <span class='ocrx_word' id='word_1_356' title='bbox 1438 3710 1472 3750; x_wconf 89' lang='lat' dir='ltr'>ea</span> <span class='ocrx_word' id='word_1_357' title='bbox 1490 3692 1631 3768; x_wconf 87' lang='lat' dir='ltr'>compila-</span> 
     </span>
     <span class='ocr_line' id='line_1_36' title="bbox 321 3779 1632 3860; baseline -0.005 -16"><span class='ocrx_word' id='word_1_358' title='bbox 321 3787 397 3844; x_wconf 91' lang='lat' dir='ltr'>lium</span> <span class='ocrx_word' id='word_1_359' title='bbox 413 3785 471 3844; x_wconf 90' lang='lat' dir='ltr'>sub</span> <span class='ocrx_word' id='word_1_360' title='bbox 487 3786 553 3860; x_wconf 72' lang='lat' dir='ltr'>ejus</span> <span class='ocrx_word' id='word_1_361' title='bbox 569 3783 689 3843; x_wconf 91' lang='lat' dir='ltr'>nomine</span> <span class='ocrx_word' id='word_1_362' title='bbox 706 3783 845 3860; x_wconf 84' lang='lat' dir='ltr'>vulgatae</span> <span class='ocrx_word' id='word_1_363' title='bbox 860 3785 962 3842; x_wconf 86' lang='lat' dir='ltr'>aucto·</span> <span class='ocrx_word' id='word_1_364' title='bbox 989 3781 1071 3839; x_wconf 89' lang='lat' dir='ltr'>tione</span> <span class='ocrx_word' id='word_1_365' title='bbox 1101 3781 1241 3842; x_wconf 90' lang='lat' dir='ltr'>habuisse</span> <span class='ocrx_word' id='word_1_366' title='bbox 1279 3786 1403 3858; x_wconf 86' lang='lat' dir='ltr'>partem,</span> <span class='ocrx_word' id='word_1_367' title='bbox 1442 3779 1632 3858; x_wconf 89' lang='lat' dir='ltr'>primumque</span> 
     </span>
     <span class='ocr_line' id='line_1_37' title="bbox 319 3870 1632 3948; baseline -0.004 -15"><span class='ocrx_word' id='word_1_368' title='bbox 319 3893 392 3933; x_wconf 89' lang='lat' dir='ltr'>rem.</span> <span class='ocrx_word' id='word_1_369' title='bbox 423 3875 502 3933; x_wconf 87' lang='lat' dir='ltr'>Haec</span> <span class='ocrx_word' id='word_1_370' title='bbox 525 3872 669 3944; x_wconf 84' lang='lat' dir='ltr'>collectio,</span> <span class='ocrx_word' id='word_1_371' title='bbox 694 3890 769 3947; x_wconf 91' lang='lat' dir='ltr'>quae</span> <span class='ocrx_word' id='word_1_372' title='bbox 800 3872 832 3930; x_wconf 91' lang='lat' dir='ltr'>in</span> <span class='ocrx_word' id='word_1_373' title='bbox 861 3872 962 3948; x_wconf 88' lang='lat' dir='ltr'>dupli·</span> <span class='ocrx_word' id='word_1_374' title='bbox 989 3870 1167 3946; x_wconf 84' lang='lat' dir='ltr'>pontificem,</span> <span class='ocrx_word' id='word_1_375' title='bbox 1184 3871 1237 3946; x_wconf 85' lang='lat' dir='ltr'>qui</span> <span class='ocrx_word' id='word_1_376' title='bbox 1253 3890 1297 3947; x_wconf 91' lang='lat' dir='ltr'>ep.</span> <span class='ocrx_word' id='word_1_377' title='bbox 1313 3871 1454 3930; x_wconf 84' lang='lat' dir='ltr'>decretali</span> <span class='ocrx_word' id='word_1_378' title='bbox 1469 3871 1632 3945; x_wconf 84' lang='lat' dir='ltr'>apuriahae</span> 
     </span>
     <span class='ocr_line' id='line_1_38' title="bbox 319 3957 1631 4038; baseline -0.005 -15"><span class='ocrx_word' id='word_1_379' title='bbox 319 3965 347 4023; x_wconf 88' lang='lat' dir='ltr'>ci</span> <span class='ocrx_word' id='word_1_380' title='bbox 377 3963 549 4024; x_wconf 85' lang='lat' dir='ltr'>recensione</span> <span class='ocrx_word' id='word_1_381' title='bbox 580 3965 685 4033; x_wconf 85' lang='lat' dir='ltr'>exstat,</span> <span class='ocrx_word' id='word_1_382' title='bbox 715 3961 844 4038; x_wconf 87' lang='lat' dir='ltr'>longiori</span> <span class='ocrx_word' id='word_1_383' title='bbox 872 3963 962 4036; x_wconf 66' lang='lat' dir='ltr'>atque</span> <span class='ocrx_word' id='word_1_384' title='bbox 990 3959 1163 4018; x_wconf 88' lang='lat' dir='ltr'>collectione</span> <span class='ocrx_word' id='word_1_385' title='bbox 1173 3961 1381 4037; x_wconf 86' lang='lat' dir='ltr'>comprehensa</span> <span class='ocrx_word' id='word_1_386' title='bbox 1390 3978 1463 4019; x_wconf 89' lang='lat' dir='ltr'>usus</span> <span class='ocrx_word' id='word_1_387' title='bbox 1474 3959 1521 4028; x_wconf 91' lang='lat' dir='ltr'>sit,</span> <span class='ocrx_word' id='word_1_388' title='bbox 1539 3957 1631 4017; x_wconf 85' lang='lat' dir='ltr'>fuisse</span> 
     </span>
     <span class='ocr_line' id='line_1_39' title="bbox 318 4045 1631 4130; baseline -0.005 -18"><span class='ocrx_word' id='word_1_389' title='bbox 318 4053 458 4122; x_wconf 83' lang='lat' dir='ltr'>breviori,</span> <span class='ocrx_word' id='word_1_390' title='bbox 496 4052 704 4128; x_wconf 88' lang='lat' dir='ltr'>complectitur</span> <span class='ocrx_word' id='word_1_391' title='bbox 735 4069 826 4126; x_wconf 88' lang='lat' dir='ltr'>quam</span> <span class='ocrx_word' id='word_1_392' title='bbox 865 4050 961 4126; x_wconf 83' lang='lat' dir='ltr'>pluri·</span> <span class='ocrx_word' id='word_1_393' title='bbox 990 4047 1177 4107; x_wconf 87' lang='lat' dir='ltr'>Hadrianum</span> <span class='ocrx_word' id='word_1_394' title='bbox 1199 4049 1237 4107; x_wconf 91' lang='lat' dir='ltr'>Il.</span> <span class='ocrx_word' id='word_1_395' title='bbox 1263 4046 1293 4130; x_wconf 79' lang='lat' dir='ltr'>(i</span> <span class='ocrx_word' id='word_1_396' title='bbox 1311 4045 1396 4130; x_wconf 83' lang='grc'><strong>812),</strong></span> <span class='ocrx_word' id='word_1_397' title='bbox 1421 4050 1480 4107; x_wconf 86' lang='lat' dir='ltr'>iuro</span> <span class='ocrx_word' id='word_1_398' title='bbox 1505 4047 1631 4106; x_wconf 86' lang='lat' dir='ltr'>eGallia</span> 
     </span>
     <span class='ocr_line' id='line_1_40' title="bbox 319 4135 1631 4217; baseline -0.005 -16"><span class='ocrx_word' id='word_1_399' title='bbox 319 4162 382 4201; x_wconf 88' lang='lat' dir='ltr'>mas</span> <span class='ocrx_word' id='word_1_400' title='bbox 407 4160 597 4201; x_wconf 90' lang='lat' dir='ltr'>romanorum</span> <span class='ocrx_word' id='word_1_401' title='bbox 621 4140 795 4216; x_wconf 89' lang='lat' dir='ltr'>pontificum</span> <span class='ocrx_word' id='word_1_402' title='bbox 821 4141 962 4217; x_wconf 86' lang='lat' dir='ltr'>epistolas</span> <span class='ocrx_word' id='word_1_403' title='bbox 990 4137 1120 4213; x_wconf 87' lang='lat' dir='ltr'>primum</span> <span class='ocrx_word' id='word_1_404' title='bbox 1136 4138 1236 4196; x_wconf 85' lang='lat' dir='ltr'>illatas</span> <span class='ocrx_word' id='word_1_405' title='bbox 1253 4156 1315 4198; x_wconf 87' lang='lat' dir='ltr'>esse</span> <span class='ocrx_word' id='word_1_406' title='bbox 1331 4155 1442 4196; x_wconf 88' lang='lat' dir='ltr'>merces</span> <span class='ocrx_word' id='word_1_407' title='bbox 1463 4135 1631 4214; x_wconf 88' lang='lat' dir='ltr'>pseudoisi-</span> 
     </span>
     <span class='ocr_line' id='line_1_41' title="bbox 320 4224 1629 4307; baseline -0.006 -16"><span class='ocrx_word' id='word_1_408' title='bbox 320 4230 469 4302; x_wconf 87' lang='lat' dir='ltr'>confictaa,</span> <span class='ocrx_word' id='word_1_409' title='bbox 495 4249 580 4307; x_wconf 87' lang='lat' dir='ltr'>quae,</span> <span class='ocrx_word' id='word_1_410' title='bbox 607 4230 634 4288; x_wconf 89' lang='lat' dir='ltr'>si</span> <span class='ocrx_word' id='word_1_411' title='bbox 658 4228 813 4288; x_wconf 87' lang='lat' dir='ltr'>materiam</span> <span class='ocrx_word' id='word_1_412' title='bbox 837 4233 962 4306; x_wconf 86' lang='lat' dir='ltr'>spectes,</span> <span class='ocrx_word' id='word_1_413' title='bbox 990 4226 1128 4286; x_wconf 88' lang='lat' dir='ltr'>doriauas</span> <span class='ocrx_word' id='word_1_414' title='bbox 1146 4227 1275 4289; x_wconf 81' lang='lat' dir='ltr'>Romam.</span> <span class='ocrx_word' id='word_1_415' title='bbox 1296 4227 1373 4285; x_wconf 90' lang='lat' dir='ltr'>Hinc</span> <span class='ocrx_word' id='word_1_416' title='bbox 1388 4227 1437 4285; x_wconf 82' lang='lat' dir='ltr'>vel</span> <span class='ocrx_word' id='word_1_417' title='bbox 1453 4224 1629 4302; x_wconf 86' lang='lat' dir='ltr'>prudentio·</span> 
     </span>
     <span class='ocr_line' id='line_1_42' title="bbox 320 4314 1630 4397; baseline -0.007 -17"><span class='ocrx_word' id='word_1_418' title='bbox 320 4340 408 4397; x_wconf 85' lang='lat' dir='ltr'>saepe</span> <span class='ocrx_word' id='word_1_419' title='bbox 433 4339 468 4379; x_wconf 83' lang='lat' dir='ltr'>ex</span> <span class='ocrx_word' id='word_1_420' title='bbox 495 4319 696 4379; x_wconf 90' lang='lat' dir='ltr'>monumentis</span> <span class='ocrx_word' id='word_1_421' title='bbox 719 4318 899 4377; x_wconf 87' lang='lat' dir='ltr'>authenticis</span> <span class='ocrx_word' id='word_1_422' title='bbox 915 4318 962 4377; x_wconf 82' lang='lat' dir='ltr'>vel</span> <span class='ocrx_word' id='word_1_423' title='bbox 990 4334 1037 4374; x_wconf 91' lang='lat' dir='ltr'>res</span> <span class='ocrx_word' id='word_1_424' title='bbox 1064 4319 1263 4392; x_wconf 89' lang='lat' dir='ltr'>protestantes</span> <span class='ocrx_word' id='word_1_425' title='bbox 1289 4315 1463 4385; x_wconf 82' lang='lat' dir='ltr'>concedunt,</span> <span class='ocrx_word' id='word_1_426' title='bbox 1490 4314 1630 4390; x_wconf 86' lang='lat' dir='ltr'>compilo-</span> 
     </span>
     <span class='ocr_line' id='line_1_43' title="bbox 319 4403 1630 4488; baseline -0.006 -19"><span class='ocrx_word' id='word_1_427' title='bbox 319 4410 461 4488; x_wconf 89' lang='lat' dir='ltr'>genuinis</span> <span class='ocrx_word' id='word_1_428' title='bbox 485 4410 610 4469; x_wconf 87' lang='lat' dir='ltr'>haustae</span> <span class='ocrx_word' id='word_1_429' title='bbox 632 4411 663 4465; x_wconf 88' lang='lat' dir='ltr'>et</span> <span class='ocrx_word' id='word_1_430' title='bbox 683 4408 858 4483; x_wconf 85' lang='lat' dir='ltr'>compilatae</span> <span class='ocrx_word' id='word_1_431' title='bbox 881 4411 960 4478; x_wconf 91' lang='lat' dir='ltr'>sunt,</span> <span class='ocrx_word' id='word_1_432' title='bbox 989 4405 1081 4464; x_wconf 89' lang='lat' dir='ltr'>tionis</span> <span class='ocrx_word' id='word_1_433' title='bbox 1098 4406 1188 4482; x_wconf 88' lang='lat' dir='ltr'>hujus</span> <span class='ocrx_word' id='word_1_434' title='bbox 1205 4423 1326 4481; x_wconf 88' lang='lat' dir='ltr'>scopum</span> <span class='ocrx_word' id='word_1_435' title='bbox 1347 4404 1521 4463; x_wconf 84' lang='lat' dir='ltr'>nullatenus</span> <span class='ocrx_word' id='word_1_436' title='bbox 1537 4403 1630 4461; x_wconf 86' lang='lat' dir='ltr'>fuisse</span> 
     </span>
     <span class='ocr_line' id='line_1_44' title="bbox 320 4493 1629 4574; baseline -0.006 -17"><span class='ocrx_word' id='word_1_437' title='bbox 320 4499 372 4559; x_wconf 90' lang='lat' dir='ltr'>sed</span> <span class='ocrx_word' id='word_1_438' title='bbox 388 4499 463 4558; x_wconf 86' lang='lat' dir='ltr'>falso</span> <span class='ocrx_word' id='word_1_439' title='bbox 479 4501 693 4574; x_wconf 87' lang='lat' dir='ltr'>supponuntur</span> <span class='ocrx_word' id='word_1_440' title='bbox 713 4496 846 4573; x_wconf 89' lang='lat' dir='ltr'>antiquis</span> <span class='ocrx_word' id='word_1_441' title='bbox 860 4496 962 4574; x_wconf 90' lang='lat' dir='ltr'>ponti·</span> <span class='ocrx_word' id='word_1_442' title='bbox 990 4512 1095 4572; x_wconf 88' lang='lat' dir='ltr'>urgere</span> <span class='ocrx_word' id='word_1_443' title='bbox 1133 4494 1309 4570; x_wconf 88' lang='lat' dir='ltr'>apostolicae</span> <span class='ocrx_word' id='word_1_444' title='bbox 1348 4493 1426 4552; x_wconf 91' lang='lat' dir='ltr'>sedis</span> <span class='ocrx_word' id='word_1_445' title='bbox 1457 4493 1629 4568; x_wconf 87' lang='lat' dir='ltr'>primatum,</span> 
     </span>
     <span class='ocr_line' id='line_1_45' title="bbox 319 4580 1629 4660; baseline -0.007 -13"><span class='ocrx_word' id='word_1_446' title='bbox 319 4589 435 4658; x_wconf 88' lang='lat' dir='ltr'>ficibus,</span> <span class='ocrx_word' id='word_1_447' title='bbox 460 4606 494 4646; x_wconf 88' lang='lat' dir='ltr'>ao</span> <span class='ocrx_word' id='word_1_448' title='bbox 519 4588 545 4646; x_wconf 91' lang='lat' dir='ltr'>si</span> <span class='ocrx_word' id='word_1_449' title='bbox 570 4586 607 4645; x_wconf 89' lang='lat' dir='ltr'>ab</span> <span class='ocrx_word' id='word_1_450' title='bbox 632 4586 680 4645; x_wconf 87' lang='lat' dir='ltr'>his</span> <span class='ocrx_word' id='word_1_451' title='bbox 703 4586 833 4646; x_wconf 85' lang='lat' dir='ltr'>fuissent</span> <span class='ocrx_word' id='word_1_452' title='bbox 855 4586 961 4646; x_wconf 89' lang='lat' dir='ltr'>editae.</span> <span class='ocrx_word' id='word_1_453' title='bbox 989 4584 1132 4658; x_wconf 83' lang='lat' dir='ltr'>ampliare</span> <span class='ocrx_word' id='word_1_454' title='bbox 1143 4583 1362 4660; x_wconf 85' lang='lat' dir='ltr'>ejusdemjura,</span> <span class='ocrx_word' id='word_1_455' title='bbox 1373 4599 1482 4659; x_wconf 86' lang='lat' dir='ltr'>augere</span> <span class='ocrx_word' id='word_1_456' title='bbox 1499 4580 1629 4656; x_wconf 75' lang='lat' dir='ltr'>eiusdem</span> 
     </span>
     <span class='ocr_line' id='line_1_46' title="bbox 319 4669 1630 4753; baseline -0.005 -19"><span class='ocrx_word' id='word_1_457' title='bbox 319 4677 451 4736; x_wconf 73' lang='lat' dir='ltr'>Incaluit</span> <span class='ocrx_word' id='word_1_458' title='bbox 468 4696 502 4735; x_wconf 89' lang='lat' dir='ltr'>ea</span> <span class='ocrx_word' id='word_1_459' title='bbox 517 4676 647 4753; x_wconf 88' lang='lat' dir='ltr'>primum</span> <span class='ocrx_word' id='word_1_460' title='bbox 669 4676 763 4734; x_wconf 90' lang='lat' dir='ltr'>altero</span> <span class='ocrx_word' id='word_1_461' title='bbox 780 4693 836 4734; x_wconf 88' lang='lat' dir='ltr'>sec.</span> <span class='ocrx_word' id='word_1_462' title='bbox 852 4675 901 4734; x_wconf 84' lang='lat' dir='ltr'>IX.</span> <span class='ocrx_word' id='word_1_463' title='bbox 918 4676 962 4733; x_wconf 90' lang='lat' dir='ltr'>di·</span> <span class='ocrx_word' id='word_1_464' title='bbox 990 4675 1177 4748; x_wconf 86' lang='lat' dir='ltr'>potestatem,</span> <span class='ocrx_word' id='word_1_465' title='bbox 1189 4671 1241 4732; x_wconf 91' lang='lat' dir='ltr'>sed</span> <span class='ocrx_word' id='word_1_466' title='bbox 1251 4673 1351 4748; x_wconf 89' lang='lat' dir='ltr'>potius</span> <span class='ocrx_word' id='word_1_467' title='bbox 1363 4671 1480 4746; x_wconf 85' lang='lat' dir='ltr'>(saltem</span> <span class='ocrx_word' id='word_1_468' title='bbox 1490 4689 1524 4729; x_wconf 89' lang='lat' dir='ltr'>er</span> <span class='ocrx_word' id='word_1_469' title='bbox 1535 4669 1630 4747; x_wconf 83' lang='lat' dir='ltr'>purte)</span> 
     </span>
     <span class='ocr_line' id='line_1_47' title="bbox 319 4760 1630 4843; baseline -0.006 -18"><span class='ocrx_word' id='word_1_470' title='bbox 319 4765 412 4826; x_wconf 90' lang='lat' dir='ltr'>midio</span> <span class='ocrx_word' id='word_1_471' title='bbox 435 4785 488 4843; x_wconf 87' lang='lat' dir='ltr'>per</span> <span class='ocrx_word' id='word_1_472' title='bbox 512 4766 647 4837; x_wconf 83' lang='lat' dir='ltr'>Galliam,</span> <span class='ocrx_word' id='word_1_473' title='bbox 678 4764 748 4824; x_wconf 88' lang='lat' dir='ltr'>inde</span> <span class='ocrx_word' id='word_1_474' title='bbox 778 4765 963 4824; x_wconf 67' lang='lat' dir='ltr'>hahuerunt</span> <span class='ocrx_word' id='word_1_475' title='bbox 990 4760 1068 4820; x_wconf 88' lang='lat' dir='ltr'>tueri</span> <span class='ocrx_word' id='word_1_476' title='bbox 1086 4762 1292 4838; x_wconf 84' lang='lat' dir='ltr'>episcoporum</span> <span class='ocrx_word' id='word_1_477' title='bbox 1303 4760 1524 4837; x_wconf 82' lang='lat' dir='ltr'>juraadversus</span> <span class='ocrx_word' id='word_1_478' title='bbox 1540 4760 1630 4819; x_wconf 88' lang='lat' dir='ltr'>laico-</span> 
     </span>
     <span class='ocr_line' id='line_1_48' title="bbox 319 4849 1631 4931; baseline -0.006 -17"><span class='ocrx_word' id='word_1_479' title='bbox 319 4856 422 4931; x_wconf 88' lang='lat' dir='ltr'>plures</span> <span class='ocrx_word' id='word_1_480' title='bbox 439 4854 582 4931; x_wconf 88' lang='lat' dir='ltr'>epistolae</span> <span class='ocrx_word' id='word_1_481' title='bbox 598 4854 761 4913; x_wconf 86' lang='lat' dir='ltr'>decretales</span> <span class='ocrx_word' id='word_1_482' title='bbox 776 4854 809 4913; x_wconf 91' lang='lat' dir='ltr'>in</span> <span class='ocrx_word' id='word_1_483' title='bbox 819 4853 893 4914; x_wconf 88' lang='lat' dir='ltr'>alias</span> <span class='ocrx_word' id='word_1_484' title='bbox 903 4853 962 4912; x_wconf 92' lang='lat' dir='ltr'>col·</span> <span class='ocrx_word' id='word_1_485' title='bbox 989 4869 1058 4908; x_wconf 91' lang='lat' dir='ltr'>rum</span> <span class='ocrx_word' id='word_1_486' title='bbox 1065 4853 1096 4909; x_wconf 91' lang='lat' dir='ltr'>et</span> <span class='ocrx_word' id='word_1_487' title='bbox 1104 4851 1231 4910; x_wconf 90' lang='lat' dir='ltr'>subinde</span> <span class='ocrx_word' id='word_1_488' title='bbox 1239 4849 1534 4927; x_wconf 86' lang='lat' dir='ltr'>metropolitanorum</span> <span class='ocrx_word' id='word_1_489' title='bbox 1541 4867 1631 4907; x_wconf 87' lang='lat' dir='ltr'>usur·</span> 
     </span>
     <span class='ocr_line' id='line_1_49' title="bbox 320 4938 1630 5020; baseline -0.005 -17"><span class='ocrx_word' id='word_1_490' title='bbox 320 4944 474 5015; x_wconf 86' lang='lat' dir='ltr'>lectiones,</span> <span class='ocrx_word' id='word_1_491' title='bbox 490 4945 524 5003; x_wconf 92' lang='lat' dir='ltr'>iu</span> <span class='ocrx_word' id='word_1_492' title='bbox 540 4944 637 5020; x_wconf 89' lang='lat' dir='ltr'>ipsum</span> <span class='ocrx_word' id='word_1_493' title='bbox 650 4943 784 5003; x_wconf 80' lang='lat' dir='ltr'>Gratiani</span> <span class='ocrx_word' id='word_1_494' title='bbox 801 4944 961 5012; x_wconf 87' lang='lat' dir='ltr'>decretum,</span> <span class='ocrx_word' id='word_1_495' title='bbox 990 4939 1135 5016; x_wconf 81' lang='lat' dir='ltr'>potiones,</span> <span class='ocrx_word' id='word_1_496' title='bbox 1153 4957 1261 5016; x_wconf 90' lang='lat' dir='ltr'>eosque</span> <span class='ocrx_word' id='word_1_497' title='bbox 1278 4939 1420 4998; x_wconf 80' lang='lat' dir='ltr'>aduersus</span> <span class='ocrx_word' id='word_1_498' title='bbox 1445 4938 1533 4998; x_wconf 90' lang='lat' dir='ltr'>nimis</span> <span class='ocrx_word' id='word_1_499' title='bbox 1549 4939 1630 4997; x_wconf 86' lang='lat' dir='ltr'>leves</span> 
     </span>
     <span class='ocr_line' id='line_1_50' title="bbox 319 5028 1630 5109; baseline -0.003 -16"><span class='ocrx_word' id='word_1_500' title='bbox 319 5038 409 5109; x_wconf 87' lang='lat' dir='ltr'>etque</span> <span class='ocrx_word' id='word_1_501' title='bbox 424 5034 468 5093; x_wconf 86' lang='lat' dir='ltr'>ita</span> <span class='ocrx_word' id='word_1_502' title='bbox 482 5035 586 5093; x_wconf 90' lang='lat' dir='ltr'>nactae</span> <span class='ocrx_word' id='word_1_503' title='bbox 602 5036 674 5092; x_wconf 92' lang='lat' dir='ltr'>sunt</span> <span class='ocrx_word' id='word_1_504' title='bbox 689 5033 905 5103; x_wconf 84' lang='lat' dir='ltr'>auctoritatem,</span> <span class='ocrx_word' id='word_1_505' title='bbox 917 5035 965 5090; x_wconf 69' lang='lat' dir='ltr'>aa</span> <span class='ocrx_word' id='word_1_506' title='bbox 990 5029 1178 5105; x_wconf 86' lang='lat' dir='ltr'>injustasque</span> <span class='ocrx_word' id='word_1_507' title='bbox 1209 5029 1397 5104; x_wconf 86' lang='lat' dir='ltr'>praemunire</span> <span class='ocrx_word' id='word_1_508' title='bbox 1420 5028 1630 5090; x_wconf 82' lang='lat' dir='ltr'>accusationes,</span> 
     </span>
     <span class='ocr_line' id='line_1_51' title="bbox 323 5116 1631 5199; baseline -0.006 -16"><span class='ocrx_word' id='word_1_509' title='bbox 323 5143 379 5199; x_wconf 85' lang='lat' dir='ltr'>que</span> <span class='ocrx_word' id='word_1_510' title='bbox 395 5127 460 5183; x_wconf 89' lang='lat' dir='ltr'>toto</span> <span class='ocrx_word' id='word_1_511' title='bbox 484 5123 582 5182; x_wconf 90' lang='lat' dir='ltr'>medio</span> <span class='ocrx_word' id='word_1_512' title='bbox 606 5140 678 5181; x_wconf 85' lang='lat' dir='ltr'>aevo</span> <span class='ocrx_word' id='word_1_513' title='bbox 701 5140 788 5181; x_wconf 91' lang='lat' dir='ltr'>nemo</span> <span class='ocrx_word' id='word_1_514' title='bbox 809 5123 846 5182; x_wconf 88' lang='lat' dir='ltr'>de</span> <span class='ocrx_word' id='word_1_515' title='bbox 861 5141 964 5181; x_wconf 88' lang='lat' dir='ltr'>earum</span> <span class='ocrx_word' id='word_1_516' title='bbox 994 5117 1063 5195; x_wconf 78' lang='lat' dir='ltr'>agit</span> <span class='ocrx_word' id='word_1_517' title='bbox 1088 5123 1186 5178; x_wconf 87' lang='lat' dir='ltr'>sutem</span> <span class='ocrx_word' id='word_1_518' title='bbox 1203 5117 1469 5178; x_wconf 85' lang='lat' dir='ltr'>Pseudo-Isidorus</span> <span class='ocrx_word' id='word_1_519' title='bbox 1494 5118 1525 5177; x_wconf 93' lang='lat' dir='ltr'>in</span> <span class='ocrx_word' id='word_1_520' title='bbox 1550 5116 1631 5176; x_wconf 87' lang='lat' dir='ltr'>hisce</span> 
     </span>
    </p>
   </div>
   <div class='ocr_carea' id='block_1_3' title="bbox 0 0 2064 5842">
    <p class='ocr_par' dir='ltr' id='par_1_3' title="bbox 0 0 2064 5842">
     <span class='ocr_line' id='line_1_52' title="bbox 0 0 2064 5842; baseline 0 0"><span class='ocrx_word' id='word_1_521' title='bbox 0 0 2064 5842; x_wconf 95' lang='lat' dir='ltr'> </span> 
     </span>
    </p>
   </div>
  </div>
 </body>
</html>
