<?xml version="1.0" encoding="UTF-8"?>
<!DOCTYPE html PUBLIC "-//W3C//DTD XHTML 1.0 Transitional//EN"
    "http://www.w3.org/TR/xhtml1/DTD/xhtml1-transitional.dtd">
<html xmlns="http://www.w3.org/1999/xhtml" xml:lang="en" lang="en">
 <head>
  <title>
</title>
<meta http-equiv="Content-Type" content="text/html;charset=utf-8" />
  <meta name='ocr-system' content='tesseract 3.04.00' />
  <meta name='ocr-capabilities' content='ocr_page ocr_carea ocr_par ocr_line ocrx_word'/>
</head>
<body>
  <div class='ocr_page' id='page_1' title='image "./nomenclatorlite02hurtgoog/nomenclatorlite02hurtgoog_0035.png"; bbox 0 0 4117 5842; ppageno 0'>
   <div class='ocr_carea' id='block_1_1' title="bbox 307 564 1618 637">
    <p class='ocr_par' dir='ltr' id='par_1_1' title="bbox 307 564 1618 637">
     <span class='ocr_line' id='line_1_1' title="bbox 307 564 1618 637; baseline -0.004 -14"><span class='ocrx_word' id='word_1_1' title='bbox 307 582 348 637; x_wconf 80' lang='lat'>29</span> <span class='ocrx_word' id='word_1_2' title='bbox 857 564 883 621; x_wconf 87' lang='lat' dir='ltr'>S.</span> <span class='ocrx_word' id='word_1_3' title='bbox 896 564 1029 621; x_wconf 79' lang='lat' dir='ltr'>lustinus</span> <span class='ocrx_word' id='word_1_4' title='bbox 1042 565 1080 619; x_wconf 74' lang='lat' dir='ltr'>ll</span> <span class='ocrx_word' id='word_1_5' title='bbox 1579 583 1618 637; x_wconf 78' lang='lat'>30</span> 
     </span>
    </p>
   </div>
   <div class='ocr_carea' id='block_1_2' title="bbox 306 750 1620 4312">
    <p class='ocr_par' dir='ltr' id='par_1_2' title="bbox 306 750 1620 4312">
     <span class='ocr_line' id='line_1_2' title="bbox 306 750 1620 830; baseline 0.001 -17"><span class='ocrx_word' id='word_1_6' title='bbox 306 754 379 813; x_wconf 89' lang='lat' dir='ltr'>dnm</span> <span class='ocrx_word' id='word_1_7' title='bbox 395 750 576 829; x_wconf 87' lang='lat' dir='ltr'>procedendi</span> <span class='ocrx_word' id='word_1_8' title='bbox 592 751 680 827; x_wconf 87' lang='lat' dir='ltr'>plane</span> <span class='ocrx_word' id='word_1_9' title='bbox 695 750 886 827; x_wconf 88' lang='lat' dir='ltr'>illegitimum</span> <span class='ocrx_word' id='word_1_10' title='bbox 897 751 948 810; x_wconf 89' lang='lat' dir='ltr'>ed·</span> <span class='ocrx_word' id='word_1_11' title='bbox 977 774 995 811; x_wconf 90' lang='lat' dir='ltr'>e</span> <span class='ocrx_word' id='word_1_12' title='bbox 1010 752 1120 813; x_wconf 87' lang='lat' dir='ltr'>criticis</span> <span class='ocrx_word' id='word_1_13' title='bbox 1136 751 1208 811; x_wconf 80' lang='lat' dir='ltr'>viris</span> <span class='ocrx_word' id='word_1_14' title='bbox 1224 752 1355 829; x_wconf 88' lang='lat' dir='ltr'>genuine</span> <span class='ocrx_word' id='word_1_15' title='bbox 1364 752 1522 826; x_wconf 75' lang='lat' dir='ltr'>habentur,</span> <span class='ocrx_word' id='word_1_16' title='bbox 1532 754 1620 830; x_wconf 87' lang='lat' dir='ltr'>plura</span> 
     </span>
     <span class='ocr_line' id='line_1_3' title="bbox 307 839 1618 920; baseline 0 -17"><span class='ocrx_word' id='word_1_17' title='bbox 307 860 413 903; x_wconf 80' lang='lat' dir='ltr'>verens</span> <span class='ocrx_word' id='word_1_18' title='bbox 429 840 630 901; x_wconf 72' lang='lat' dir='ltr'>Christianos:</span> <span class='ocrx_word' id='word_1_19' title='bbox 647 840 744 901; x_wconf 83' lang='lat' dir='ltr'>fusius</span> <span class='ocrx_word' id='word_1_20' title='bbox 760 839 829 899; x_wconf 89' lang='lat' dir='ltr'>dein</span> <span class='ocrx_word' id='word_1_21' title='bbox 845 840 951 916; x_wconf 89' lang='lat' dir='ltr'>probet</span> <span class='ocrx_word' id='word_1_22' title='bbox 978 844 1059 913; x_wconf 88' lang='lat' dir='ltr'>suut,</span> <span class='ocrx_word' id='word_1_23' title='bbox 1077 860 1205 918; x_wconf 90' lang='lat' dir='ltr'>quorum</span> <span class='ocrx_word' id='word_1_24' title='bbox 1220 841 1392 918; x_wconf 89' lang='lat' dir='ltr'>genuinitas</span> <span class='ocrx_word' id='word_1_25' title='bbox 1407 860 1443 901; x_wconf 82' lang='lat' dir='ltr'>er</span> <span class='ocrx_word' id='word_1_26' title='bbox 1459 861 1618 920; x_wconf 86' lang='lat' dir='ltr'>argumen-</span> 
     </span>
     <span class='ocr_line' id='line_1_4' title="bbox 306 929 1618 1009; baseline -0.001 -17"><span class='ocrx_word' id='word_1_27' title='bbox 306 931 464 1009; x_wconf 85' lang='lat' dir='ltr'>religiouis</span> <span class='ocrx_word' id='word_1_28' title='bbox 481 929 659 989; x_wconf 86' lang='lat' dir='ltr'>christianes</span> <span class='ocrx_word' id='word_1_29' title='bbox 674 929 832 990; x_wconf 84' lang='lat' dir='ltr'>veritatem</span> <span class='ocrx_word' id='word_1_30' title='bbox 847 947 882 989; x_wconf 84' lang='lat' dir='ltr'>ex</span> <span class='ocrx_word' id='word_1_31' title='bbox 898 948 949 989; x_wconf 80' lang='lat' dir='ltr'>ve·</span> <span class='ocrx_word' id='word_1_32' title='bbox 977 931 1017 991; x_wconf 89' lang='lat' dir='ltr'>tis</span> <span class='ocrx_word' id='word_1_33' title='bbox 1033 931 1161 991; x_wconf 85' lang='lat' dir='ltr'>internis</span> <span class='ocrx_word' id='word_1_34' title='bbox 1178 930 1269 990; x_wconf 89' lang='lat' dir='ltr'>dubie</span> <span class='ocrx_word' id='word_1_35' title='bbox 1284 933 1331 990; x_wconf 90' lang='lat' dir='ltr'>est</span> <span class='ocrx_word' id='word_1_36' title='bbox 1346 930 1384 989; x_wconf 94' lang='lat' dir='ltr'>ob</span> <span class='ocrx_word' id='word_1_37' title='bbox 1401 931 1465 990; x_wconf 90' lang='lat' dir='ltr'>stili</span> <span class='ocrx_word' id='word_1_38' title='bbox 1480 932 1553 1003; x_wconf 87' lang='lat' dir='ltr'>scil,</span> <span class='ocrx_word' id='word_1_39' title='bbox 1572 951 1618 991; x_wconf 89' lang='lat' dir='ltr'>re·</span> 
     </span>
     <span class='ocr_line' id='line_1_5' title="bbox 307 1018 1619 1097; baseline 0.002 -18"><span class='ocrx_word' id='word_1_40' title='bbox 307 1020 360 1079; x_wconf 90' lang='lat' dir='ltr'>riis</span> <span class='ocrx_word' id='word_1_41' title='bbox 383 1019 543 1097; x_wconf 78' lang='lat' dir='ltr'><strong>capitibus,</strong></span> <span class='ocrx_word' id='word_1_42' title='bbox 566 1018 742 1095; x_wconf 84' lang='lat' dir='ltr'>praesertim</span> <span class='ocrx_word' id='word_1_43' title='bbox 765 1037 799 1078; x_wconf 86' lang='lat' dir='ltr'>er</span> <span class='ocrx_word' id='word_1_44' title='bbox 825 1020 949 1095; x_wconf 88' lang='lat' dir='ltr'>prophe·</span> <span class='ocrx_word' id='word_1_45' title='bbox 977 1020 1070 1080; x_wconf 88' lang='lat' dir='ltr'>tionis</span> <span class='ocrx_word' id='word_1_46' title='bbox 1085 1019 1237 1097; x_wconf 87' lang='lat' dir='ltr'>cogitandi</span> <span class='ocrx_word' id='word_1_47' title='bbox 1259 1022 1290 1079; x_wconf 91' lang='lat' dir='ltr'>et</span> <span class='ocrx_word' id='word_1_48' title='bbox 1315 1020 1531 1080; x_wconf 72' lang='lat' dir='ltr'>muteutierum</span> <span class='ocrx_word' id='word_1_49' title='bbox 1546 1041 1619 1097; x_wconf 90' lang='lat' dir='ltr'>que·</span> 
     </span>
     <span class='ocr_line' id='line_1_6' title="bbox 307 1107 1620 1186; baseline 0.002 -17"><span class='ocrx_word' id='word_1_50' title='bbox 307 1114 406 1169; x_wconf 86' lang='lat' dir='ltr'>tarum</span> <span class='ocrx_word' id='word_1_51' title='bbox 429 1108 590 1179; x_wconf 81' lang='lat' dir='ltr'>vaticiniis,</span> <span class='ocrx_word' id='word_1_52' title='bbox 613 1110 704 1185; x_wconf 84' lang='lat' dir='ltr'>atque</span> <span class='ocrx_word' id='word_1_53' title='bbox 726 1107 864 1184; x_wconf 86' lang='lat' dir='ltr'>pluribus</span> <span class='ocrx_word' id='word_1_54' title='bbox 880 1108 949 1168; x_wconf 89' lang='lat' dir='ltr'>dein</span> <span class='ocrx_word' id='word_1_55' title='bbox 976 1109 1104 1169; x_wconf 82' lang='lat' dir='ltr'>mndem</span> <span class='ocrx_word' id='word_1_56' title='bbox 1120 1108 1321 1186; x_wconf 67' lang='lat' dir='ltr'><strong>singularium</strong></span> <span class='ocrx_word' id='word_1_57' title='bbox 1330 1108 1536 1172; x_wconf 71' lang='lat' dir='ltr'>differendam.</span> <span class='ocrx_word' id='word_1_58' title='bbox 1553 1110 1620 1171; x_wconf 86' lang='lat' dir='ltr'>Huc</span> 
     </span>
     <span class='ocr_line' id='line_1_7' title="bbox 306 1195 1620 1279; baseline 0.002 -22"><span class='ocrx_word' id='word_1_59' title='bbox 306 1198 545 1258; x_wconf 86' lang='lat' dir='ltr'>Christianorum</span> <span class='ocrx_word' id='word_1_60' title='bbox 560 1196 675 1257; x_wconf 90' lang='lat' dir='ltr'>cultum</span> <span class='ocrx_word' id='word_1_61' title='bbox 690 1195 871 1279; x_wconf 77' lang='lat' dir='ltr'>describit1).</span> <span class='ocrx_word' id='word_1_62' title='bbox 897 1198 949 1256; x_wconf 78' lang='lat' dir='ltr'>sl·</span> <span class='ocrx_word' id='word_1_63' title='bbox 978 1202 1128 1276; x_wconf 83' lang='lat' dir='ltr'>spectant:</span> <span class='ocrx_word' id='word_1_64' title='bbox 1162 1197 1265 1257; x_wconf 81' lang='lat' dir='ltr'>Oratio</span> <span class='ocrx_word' id='word_1_65' title='bbox 1290 1200 1329 1258; x_wconf 86' lang='lat' dir='ltr'>od</span> <span class='ocrx_word' id='word_1_66' title='bbox 1352 1199 1535 1275; x_wconf 65' lang='lat' dir='ltr'>praecocia</span> <span class='ocrx_word' id='word_1_67' title='bbox 1560 1218 1620 1274; x_wconf 87' lang='lat' dir='ltr'>que</span> 
     </span>
     <span class='ocr_line' id='line_1_8' title="bbox 307 1285 1619 1365; baseline 0 -18"><span class='ocrx_word' id='word_1_68' title='bbox 307 1290 372 1347; x_wconf 87' lang='lat' dir='ltr'>tera</span> <span class='ocrx_word' id='word_1_69' title='bbox 386 1288 528 1364; x_wconf 77' lang='lat' dir='ltr'>apologia</span> <span class='ocrx_word' id='word_1_70' title='bbox 541 1290 588 1345; x_wconf 90' lang='lat' dir='ltr'>est</span> <span class='ocrx_word' id='word_1_71' title='bbox 602 1285 722 1345; x_wconf 80' lang='lat' dir='ltr'>brevior</span> <span class='ocrx_word' id='word_1_72' title='bbox 736 1286 845 1361; x_wconf 89' lang='lat' dir='ltr'>prioris</span> <span class='ocrx_word' id='word_1_73' title='bbox 862 1286 949 1362; x_wconf 86' lang='lat' dir='ltr'>quasi</span> <span class='ocrx_word' id='word_1_74' title='bbox 976 1287 1110 1347; x_wconf 80' lang='lat' dir='ltr'>breviter</span> <span class='ocrx_word' id='word_1_75' title='bbox 1118 1287 1260 1364; x_wconf 90' lang='lat' dir='ltr'>proponit</span> <span class='ocrx_word' id='word_1_76' title='bbox 1269 1290 1373 1365; x_wconf 78' lang='lat' dir='ltr'><strong>turpes</strong></span> <span class='ocrx_word' id='word_1_77' title='bbox 1383 1288 1544 1365; x_wconf 73' lang='lat' dir='ltr'>gentilium</span> <span class='ocrx_word' id='word_1_78' title='bbox 1553 1288 1619 1364; x_wconf 92' lang='lat' dir='ltr'>opi-</span> 
     </span>
     <span class='ocr_line' id='line_1_9' title="bbox 308 1374 1620 1454; baseline 0.002 -19"><span class='ocrx_word' id='word_1_79' title='bbox 308 1377 553 1454; x_wconf 89' lang='lat' dir='ltr'>supplemeutum</span> <span class='ocrx_word' id='word_1_80' title='bbox 568 1375 655 1451; x_wconf 90' lang='lat' dir='ltr'>eique</span> <span class='ocrx_word' id='word_1_81' title='bbox 667 1374 847 1435; x_wconf 84' lang='lat' dir='ltr'>occasionem</span> <span class='ocrx_word' id='word_1_82' title='bbox 864 1392 948 1451; x_wconf 91' lang='lat' dir='ltr'>prae·</span> <span class='ocrx_word' id='word_1_83' title='bbox 977 1396 1080 1436; x_wconf 88' lang='lat' dir='ltr'>mones</span> <span class='ocrx_word' id='word_1_84' title='bbox 1095 1376 1132 1437; x_wconf 94' lang='lat' dir='ltr'>de</span> <span class='ocrx_word' id='word_1_85' title='bbox 1147 1376 1221 1436; x_wconf 90' lang='lat' dir='ltr'>diis:</span> <span class='ocrx_word' id='word_1_86' title='bbox 1247 1376 1285 1435; x_wconf 92' lang='lat' dir='ltr'>ob</span> <span class='ocrx_word' id='word_1_87' title='bbox 1310 1396 1384 1454; x_wconf 85' lang='lat' dir='ltr'>quae</span> <span class='ocrx_word' id='word_1_88' title='bbox 1406 1376 1552 1437; x_wconf 84' lang='lat' dir='ltr'>adductus</span> <span class='ocrx_word' id='word_1_89' title='bbox 1574 1382 1620 1437; x_wconf 89' lang='lat' dir='ltr'>est</span> 
     </span>
     <span class='ocr_line' id='line_1_10' title="bbox 307 1464 1619 1543; baseline 0.002 -18"><span class='ocrx_word' id='word_1_90' title='bbox 307 1466 375 1525; x_wconf 90' lang='lat' dir='ltr'>buit</span> <span class='ocrx_word' id='word_1_91' title='bbox 389 1465 510 1543; x_wconf 78' lang='lat' dir='ltr'>insigne</span> <span class='ocrx_word' id='word_1_92' title='bbox 534 1464 701 1540; x_wconf 86' lang='lat' dir='ltr'>injustitiae</span> <span class='ocrx_word' id='word_1_93' title='bbox 717 1465 748 1523; x_wconf 88' lang='lat' dir='ltr'>et</span> <span class='ocrx_word' id='word_1_94' title='bbox 763 1464 949 1523; x_wconf 70' lang='lat' dir='ltr'>crudelitatis</span> <span class='ocrx_word' id='word_1_95' title='bbox 976 1470 1012 1526; x_wconf 90' lang='lat' dir='ltr'>ut</span> <span class='ocrx_word' id='word_1_96' title='bbox 1026 1466 1125 1526; x_wconf 66' lang='lat' dir='ltr'>misas</span> <span class='ocrx_word' id='word_1_97' title='bbox 1141 1466 1262 1525; x_wconf 89' lang='lat' dir='ltr'>illorum</span> <span class='ocrx_word' id='word_1_98' title='bbox 1277 1466 1543 1542; x_wconf 77' lang='lat' dir='ltr'>superstitionibus</span> <span class='ocrx_word' id='word_1_99' title='bbox 1559 1466 1619 1527; x_wconf 85' lang='lat' dir='ltr'>tec·</span> 
     </span>
     <span class='ocr_line' id='line_1_11' title="bbox 309 1553 1620 1632; baseline 0.002 -19"><span class='ocrx_word' id='word_1_100' title='bbox 309 1556 458 1631; x_wconf 87' lang='lat' dir='ltr'>specimen</span> <span class='ocrx_word' id='word_1_101' title='bbox 496 1558 599 1613; x_wconf 79' lang='lat' dir='ltr'>contre</span> <span class='ocrx_word' id='word_1_102' title='bbox 629 1553 809 1613; x_wconf 75' lang='lat' dir='ltr'>Christianos</span> <span class='ocrx_word' id='word_1_103' title='bbox 840 1554 950 1613; x_wconf 84' lang='lat' dir='ltr'>Romae</span> <span class='ocrx_word' id='word_1_104' title='bbox 976 1556 1279 1615; x_wconf 85' lang='lat' dir='ltr'>tussitChristienue.</span> <span class='ocrx_word' id='word_1_105' title='bbox 1295 1556 1620 1632; x_wconf 83' lang='lat' dir='ltr'>Exstetetiemsyriece</span> 
     </span>
     <span class='ocr_line' id='line_1_12' title="bbox 307 1642 1620 1723; baseline 0 -19"><span class='ocrx_word' id='word_1_106' title='bbox 307 1644 437 1704; x_wconf 86' lang='lat' dir='ltr'>editum:</span> <span class='ocrx_word' id='word_1_107' title='bbox 461 1645 493 1703; x_wconf 90' lang='lat' dir='ltr'>in</span> <span class='ocrx_word' id='word_1_108' title='bbox 515 1662 549 1704; x_wconf 90' lang='lat' dir='ltr'>ee</span> <span class='ocrx_word' id='word_1_109' title='bbox 570 1642 683 1719; x_wconf 81' lang='lat' dir='ltr'>duplici</span> <span class='ocrx_word' id='word_1_110' title='bbox 698 1642 884 1703; x_wconf 90' lang='lat' dir='ltr'>ethnicorum</span> <span class='ocrx_word' id='word_1_111' title='bbox 900 1661 948 1702; x_wconf 85' lang='lat' dir='ltr'>ex·</span> <span class='ocrx_word' id='word_1_112' title='bbox 977 1644 1101 1705; x_wconf 90' lang='lat' dir='ltr'>liberius</span> <span class='ocrx_word' id='word_1_113' title='bbox 1131 1662 1219 1704; x_wconf 82' lang='lat' dir='ltr'>verse</span> <span class='ocrx_word' id='word_1_114' title='bbox 1256 1644 1288 1702; x_wconf 91' lang='lat' dir='ltr'>in</span> <span class='ocrx_word' id='word_1_115' title='bbox 1319 1644 1449 1704; x_wconf 81' lang='lat' dir='ltr'>Cureton</span> <span class='ocrx_word' id='word_1_116' title='bbox 1480 1644 1620 1723; x_wconf 84' lang='lat' dir='ltr'>Spiclleg.</span> 
     </span>
     <span class='ocr_line' id='line_1_13' title="bbox 307 1732 1620 1811; baseline -0.002 -17"><span class='ocrx_word' id='word_1_117' title='bbox 307 1734 439 1811; x_wconf 83' lang='lat' dir='ltr'>captioni</span> <span class='ocrx_word' id='word_1_118' title='bbox 455 1733 592 1803; x_wconf 90' lang='lat' dir='ltr'>occurrit,</span> <span class='ocrx_word' id='word_1_119' title='bbox 610 1750 702 1809; x_wconf 90' lang='lat' dir='ltr'>quere</span> <span class='ocrx_word' id='word_1_120' title='bbox 718 1732 781 1793; x_wconf 89' lang='lat' dir='ltr'>scil.</span> <span class='ocrx_word' id='word_1_121' title='bbox 792 1732 949 1792; x_wconf 86' lang='lat' dir='ltr'>Christiani</span> <span class='ocrx_word' id='word_1_122' title='bbox 977 1734 1092 1811; x_wconf 85' lang='lat' dir='ltr'>syriaco</span> <span class='ocrx_word' id='word_1_123' title='bbox 1112 1743 1194 1797; x_wconf 84' lang='lat'>1855</span> <span class='ocrx_word' id='word_1_124' title='bbox 1212 1752 1241 1809; x_wconf 85' lang='lat' dir='ltr'>p.</span> <span class='ocrx_word' id='word_1_125' title='bbox 1259 1742 1398 1797; x_wconf 84' lang='lat'>61-69.</span> <span class='ocrx_word' id='word_1_126' title='bbox 1429 1734 1620 1794; x_wconf 83' lang='lat' dir='ltr'>Recentiores</span> 
     </span>
     <span class='ocr_line' id='line_1_14' title="bbox 308 1821 1619 1899; baseline -0.002 -16"><span class='ocrx_word' id='word_1_127' title='bbox 308 1822 388 1883; x_wconf 81' lang='lat' dir='ltr'>avidi</span> <span class='ocrx_word' id='word_1_128' title='bbox 419 1824 539 1883; x_wconf 89' lang='lat' dir='ltr'>futurae</span> <span class='ocrx_word' id='word_1_129' title='bbox 569 1821 767 1882; x_wconf 87' lang='lat' dir='ltr'>beatitudinis</span> <span class='ocrx_word' id='word_1_130' title='bbox 799 1822 858 1882; x_wconf 89' lang='lat' dir='ltr'>sibi</span> <span class='ocrx_word' id='word_1_131' title='bbox 888 1840 948 1881; x_wconf 92' lang='lat' dir='ltr'>non</span> <span class='ocrx_word' id='word_1_132' title='bbox 976 1822 1072 1883; x_wconf 88' lang='lat' dir='ltr'>critici</span> <span class='ocrx_word' id='word_1_133' title='bbox 1087 1822 1226 1883; x_wconf 91' lang='lat' dir='ltr'>libellum</span> <span class='ocrx_word' id='word_1_134' title='bbox 1240 1825 1344 1882; x_wconf 77' lang='lat' dir='ltr'>nocuo</span> <span class='ocrx_word' id='word_1_135' title='bbox 1359 1824 1485 1899; x_wconf 79' lang='lat' dir='ltr'>martyri</span> <span class='ocrx_word' id='word_1_136' title='bbox 1500 1823 1619 1898; x_wconf 87' lang='lat' dir='ltr'>abjudi-</span> 
     </span>
     <span class='ocr_line' id='line_1_15' title="bbox 308 1911 1620 1988; baseline 0 -16"><span class='ocrx_word' id='word_1_137' title='bbox 308 1916 433 1972; x_wconf 90' lang='lat' dir='ltr'>mortem</span> <span class='ocrx_word' id='word_1_138' title='bbox 449 1912 588 1983; x_wconf 86' lang='lat' dir='ltr'>inferent,</span> <span class='ocrx_word' id='word_1_139' title='bbox 611 1916 647 1972; x_wconf 88' lang='lat' dir='ltr'>ut</span> <span class='ocrx_word' id='word_1_140' title='bbox 669 1911 756 1970; x_wconf 91' lang='lat' dir='ltr'>citius</span> <span class='ocrx_word' id='word_1_141' title='bbox 772 1912 949 1987; x_wconf 85' lang='lat' dir='ltr'>pervenient</span> <span class='ocrx_word' id='word_1_142' title='bbox 976 1916 1052 1971; x_wconf 88' lang='lat' dir='ltr'>eant.</span> <span class='ocrx_word' id='word_1_143' title='bbox 1067 1948 1111 1955; x_wconf 95' lang='lat'><em>-</em></span> <span class='ocrx_word' id='word_1_144' title='bbox 1127 1911 1283 1971; x_wconf 77' lang='lat' dir='ltr'>Graviores</span> <span class='ocrx_word' id='word_1_145' title='bbox 1294 1913 1357 1988; x_wconf 89' lang='lat' dir='ltr'>jem</span> <span class='ocrx_word' id='word_1_146' title='bbox 1373 1912 1481 1971; x_wconf 87' lang='lat' dir='ltr'>adsunt</span> <span class='ocrx_word' id='word_1_147' title='bbox 1490 1912 1620 1972; x_wconf 87' lang='lat' dir='ltr'>rationes</span> 
     </span>
     <span class='ocr_line' id='line_1_16' title="bbox 308 2000 1620 2079; baseline 0.001 -18"><span class='ocrx_word' id='word_1_148' title='bbox 308 2002 344 2061; x_wconf 88' lang='lat' dir='ltr'>ad</span> <span class='ocrx_word' id='word_1_149' title='bbox 367 2002 463 2061; x_wconf 91' lang='lat' dir='ltr'>Deum</span> <span class='ocrx_word' id='word_1_150' title='bbox 488 2006 519 2060; x_wconf 88' lang='lat' dir='ltr'>et</span> <span class='ocrx_word' id='word_1_151' title='bbox 542 2018 596 2061; x_wconf 92' lang='lat' dir='ltr'>cur</span> <span class='ocrx_word' id='word_1_152' title='bbox 620 2002 699 2061; x_wconf 89' lang='lat' dir='ltr'>Deus</span> <span class='ocrx_word' id='word_1_153' title='bbox 729 2002 790 2059; x_wconf 88' lang='lat' dir='ltr'>tem</span> <span class='ocrx_word' id='word_1_154' title='bbox 813 2000 893 2061; x_wconf 87' lang='lat' dir='ltr'>diras</span> <span class='ocrx_word' id='word_1_155' title='bbox 915 2001 948 2060; x_wconf 90' lang='lat' dir='ltr'>iu</span> <span class='ocrx_word' id='word_1_156' title='bbox 978 2001 1231 2079; x_wconf 88' lang='lat' dir='ltr'>progeunioitete</span> <span class='ocrx_word' id='word_1_157' title='bbox 1246 2001 1266 2061; x_wconf 94' lang='lat' dir='ltr'>l.</span> <span class='ocrx_word' id='word_1_158' title='bbox 1282 2000 1436 2079; x_wconf 86' lang='lat' dir='ltr'>inscripti:</span> <span class='ocrx_word' id='word_1_159' title='bbox 1455 2000 1620 2062; x_wconf 68' lang='lat' dir='ltr'>Cohortalis</span> 
     </span>
     <span class='ocr_line' id='line_1_17' title="bbox 309 2088 1620 2170; baseline -0.001 -19"><span class='ocrx_word' id='word_1_160' title='bbox 309 2092 389 2169; x_wconf 84' lang='lat' dir='ltr'>ipsos</span> <span class='ocrx_word' id='word_1_161' title='bbox 419 2091 576 2167; x_wconf 85' lang='lat' dir='ltr'>permittet</span> <span class='ocrx_word' id='word_1_162' title='bbox 605 2088 837 2166; x_wconf 88' lang='lat' dir='ltr'>persecutiones.</span> <span class='ocrx_word' id='word_1_163' title='bbox 870 2090 948 2149; x_wconf 87' lang='lat' dir='ltr'>Satis</span> <span class='ocrx_word' id='word_1_164' title='bbox 976 2092 1017 2150; x_wconf 86' lang='lat' dir='ltr'>cd</span> <span class='ocrx_word' id='word_1_165' title='bbox 1043 2108 1163 2170; x_wconf 77' lang='lat' dir='ltr'>graecos</span> <span class='ocrx_word' id='word_1_166' title='bbox 1192 2091 1263 2150; x_wconf 88' lang='lat' dir='ltr'>etilo</span> <span class='ocrx_word' id='word_1_167' title='bbox 1284 2090 1389 2150; x_wconf 88' lang='lat' dir='ltr'>florido</span> <span class='ocrx_word' id='word_1_168' title='bbox 1413 2092 1444 2148; x_wconf 89' lang='lat' dir='ltr'>et</span> <span class='ocrx_word' id='word_1_169' title='bbox 1465 2091 1620 2166; x_wconf 86' lang='lat' dir='ltr'>eloquenti</span> 
     </span>
     <span class='ocr_line' id='line_1_18' title="bbox 311 2174 1618 2261; baseline 0 -22"><span class='ocrx_word' id='word_1_170' title='bbox 311 2180 471 2240; x_wconf 87' lang='lat' dir='ltr'>arbitraria</span> <span class='ocrx_word' id='word_1_171' title='bbox 494 2184 540 2239; x_wconf 89' lang='lat' dir='ltr'>est</span> <span class='ocrx_word' id='word_1_172' title='bbox 565 2180 735 2255; x_wconf 85' lang='lat' dir='ltr'>conjectura</span> <span class='ocrx_word' id='word_1_173' title='bbox 759 2174 946 2261; x_wconf 82' lang='lat' dir='ltr'>(Grandi),</span> <span class='ocrx_word' id='word_1_174' title='bbox 976 2182 1151 2256; x_wconf 72' lang='lat' dir='ltr'>conscripta</span> <span class='ocrx_word' id='word_1_175' title='bbox 1182 2180 1269 2255; x_wconf 88' lang='lat' dir='ltr'>cujus</span> <span class='ocrx_word' id='word_1_176' title='bbox 1299 2197 1405 2257; x_wconf 87' lang='lat' dir='ltr'>scopus</span> <span class='ocrx_word' id='word_1_177' title='bbox 1428 2182 1474 2239; x_wconf 89' lang='lat' dir='ltr'>est</span> <span class='ocrx_word' id='word_1_178' title='bbox 1496 2179 1618 2239; x_wconf 88' lang='lat' dir='ltr'>demon-</span> 
     </span>
     <span class='ocr_line' id='line_1_19' title="bbox 310 2268 1619 2347; baseline 0.002 -20"><span class='ocrx_word' id='word_1_179' title='bbox 310 2270 432 2328; x_wconf 88' lang='lat' dir='ltr'>alteram</span> <span class='ocrx_word' id='word_1_180' title='bbox 448 2270 524 2329; x_wconf 90' lang='lat' dir='ltr'>hanc</span> <span class='ocrx_word' id='word_1_181' title='bbox 548 2268 713 2345; x_wconf 89' lang='lat' dir='ltr'>apologiam</span> <span class='ocrx_word' id='word_1_182' title='bbox 737 2286 799 2327; x_wconf 89' lang='lat' dir='ltr'>esse</span> <span class='ocrx_word' id='word_1_183' title='bbox 816 2268 948 2344; x_wconf 86' lang='lat' dir='ltr'>interpo·</span> <span class='ocrx_word' id='word_1_184' title='bbox 977 2272 1072 2328; x_wconf 91' lang='lat' dir='ltr'>strere</span> <span class='ocrx_word' id='word_1_185' title='bbox 1088 2287 1175 2328; x_wconf 86' lang='lat' dir='ltr'>verae</span> <span class='ocrx_word' id='word_1_186' title='bbox 1184 2268 1339 2347; x_wconf 88' lang='lat' dir='ltr'>religionis</span> <span class='ocrx_word' id='word_1_187' title='bbox 1349 2268 1619 2345; x_wconf 89' lang='lat' dir='ltr'>coguitionemnon</span> 
     </span>
     <span class='ocr_line' id='line_1_20' title="bbox 309 2356 1619 2435; baseline 0 -18"><span class='ocrx_word' id='word_1_188' title='bbox 309 2360 409 2417; x_wconf 88' lang='lat' dir='ltr'>letam.</span> <span class='ocrx_word' id='word_1_189' title='bbox 439 2358 620 2417; x_wconf 88' lang='lat' dir='ltr'>Prodieruut</span> <span class='ocrx_word' id='word_1_190' title='bbox 635 2358 689 2416; x_wconf 91' lang='lat' dir='ltr'>hee</span> <span class='ocrx_word' id='word_1_191' title='bbox 706 2357 781 2417; x_wconf 89' lang='lat' dir='ltr'>duee</span> <span class='ocrx_word' id='word_1_192' title='bbox 797 2356 949 2434; x_wconf 73' lang='lat' dir='ltr'>apologico</span> <span class='ocrx_word' id='word_1_193' title='bbox 976 2378 993 2417; x_wconf 88' lang='lat' dir='ltr'>a</span> <span class='ocrx_word' id='word_1_194' title='bbox 1008 2357 1126 2435; x_wconf 88' lang='lat' dir='ltr'>graecis</span> <span class='ocrx_word' id='word_1_195' title='bbox 1142 2358 1348 2434; x_wconf 85' lang='lat' dir='ltr'>scriptoribus,</span> <span class='ocrx_word' id='word_1_196' title='bbox 1364 2358 1416 2417; x_wconf 87' lang='lat' dir='ltr'>sed</span> <span class='ocrx_word' id='word_1_197' title='bbox 1431 2378 1450 2417; x_wconf 89' lang='lat' dir='ltr'>e</span> <span class='ocrx_word' id='word_1_198' title='bbox 1463 2358 1619 2434; x_wconf 87' lang='lat' dir='ltr'>prophetis</span> 
     </span>
     <span class='ocr_line' id='line_1_21' title="bbox 309 2445 1618 2523; baseline -0.002 -16"><span class='ocrx_word' id='word_1_199' title='bbox 309 2448 434 2507; x_wconf 72' lang='lat' dir='ltr'>seorsim</span> <span class='ocrx_word' id='word_1_200' title='bbox 456 2464 526 2506; x_wconf 89' lang='lat' dir='ltr'>cura</span> <span class='ocrx_word' id='word_1_201' title='bbox 547 2446 575 2505; x_wconf 82' lang='lat' dir='ltr'>J.</span> <span class='ocrx_word' id='word_1_202' title='bbox 600 2446 644 2504; x_wconf 88' lang='lat' dir='ltr'>W.</span> <span class='ocrx_word' id='word_1_203' title='bbox 660 2445 687 2505; x_wconf 82' lang='lat' dir='ltr'>J.</span> <span class='ocrx_word' id='word_1_204' title='bbox 704 2447 841 2516; x_wconf 78' lang='lat' dir='ltr'>Brenn,</span> <span class='ocrx_word' id='word_1_205' title='bbox 863 2447 949 2505; x_wconf 88' lang='lat' dir='ltr'>Boua</span> <span class='ocrx_word' id='word_1_206' title='bbox 976 2447 1135 2523; x_wconf 88' lang='lat' dir='ltr'>petendam</span> <span class='ocrx_word' id='word_1_207' title='bbox 1159 2464 1233 2517; x_wconf 85' lang='lat' dir='ltr'>esse,</span> <span class='ocrx_word' id='word_1_208' title='bbox 1258 2447 1387 2523; x_wconf 89' lang='lat' dir='ltr'>illosque</span> <span class='ocrx_word' id='word_1_209' title='bbox 1409 2466 1445 2507; x_wconf 88' lang='lat' dir='ltr'>ex</span> <span class='ocrx_word' id='word_1_210' title='bbox 1470 2446 1516 2506; x_wconf 89' lang='lat' dir='ltr'>his</span> <span class='ocrx_word' id='word_1_211' title='bbox 1541 2466 1618 2523; x_wconf 84' lang='lat' dir='ltr'>quae</span> 
     </span>
     <span class='ocr_line' id='line_1_22' title="bbox 313 2534 1620 2613; baseline -0.003 -14"><span class='ocrx_word' id='word_1_212' title='bbox 313 2546 411 2601; x_wconf 77' lang='lat'>1830:</span> <span class='ocrx_word' id='word_1_213' title='bbox 436 2536 551 2613; x_wconf 80' lang='lat' dir='ltr'>lipsiae</span> <span class='ocrx_word' id='word_1_214' title='bbox 577 2544 660 2599; x_wconf 84' lang='lat'>1883</span> <span class='ocrx_word' id='word_1_215' title='bbox 685 2535 731 2599; x_wconf 88' lang='lat' dir='ltr'>ed.</span> <span class='ocrx_word' id='word_1_216' title='bbox 756 2535 809 2594; x_wconf 79' lang='lat'>111.</span> <span class='ocrx_word' id='word_1_217' title='bbox 833 2554 894 2595; x_wconf 91' lang='lat' dir='ltr'>cur.</span> <span class='ocrx_word' id='word_1_218' title='bbox 920 2534 948 2593; x_wconf 93' lang='lat' dir='ltr'>C.</span> <span class='ocrx_word' id='word_1_219' title='bbox 976 2536 1107 2596; x_wconf 84' lang='lat' dir='ltr'>dixerint</span> <span class='ocrx_word' id='word_1_220' title='bbox 1121 2536 1347 2597; x_wconf 81' lang='lat' dir='ltr'>veraheusisse.</span> <span class='ocrx_word' id='word_1_221' title='bbox 1364 2537 1620 2596; x_wconf 77' lang='lat' dir='ltr'>-l&#39;rectatusde</span> 
     </span>
     <span class='ocr_line' id='line_1_23' title="bbox 309 2624 1619 2703; baseline 0.001 -19"><span class='ocrx_word' id='word_1_222' title='bbox 309 2624 530 2697; x_wconf 80' lang='lat' dir='ltr'>Gutberlet3</span> <span class='ocrx_word' id='word_1_223' title='bbox 546 2624 948 2703; x_wconf 67' lang='lat' dir='ltr'>Kriigerl&#39;reibnrgltleh</span> <span class='ocrx_word' id='word_1_224' title='bbox 978 2626 1156 2702; x_wconf 69' lang='lat' dir='ltr'>monarchia,</span> <span class='ocrx_word' id='word_1_225' title='bbox 1174 2626 1207 2685; x_wconf 90' lang='lat' dir='ltr'>in</span> <span class='ocrx_word' id='word_1_226' title='bbox 1222 2644 1282 2702; x_wconf 87' lang='lat' dir='ltr'>que</span> <span class='ocrx_word' id='word_1_227' title='bbox 1297 2626 1445 2685; x_wconf 86' lang='lat' dir='ltr'>unitatem</span> <span class='ocrx_word' id='word_1_228' title='bbox 1460 2626 1515 2685; x_wconf 90' lang='lat' dir='ltr'>Dei</span> <span class='ocrx_word' id='word_1_229' title='bbox 1529 2626 1619 2686; x_wconf 88' lang='lat' dir='ltr'>alies·</span> 
     </span>
     <span class='ocr_line' id='line_1_24' title="bbox 313 2714 1619 2792; baseline -0.002 -15"><span class='ocrx_word' id='word_1_230' title='bbox 313 2724 405 2779; x_wconf 81' lang='lat'>1896.</span> <span class='ocrx_word' id='word_1_231' title='bbox 416 2746 460 2759; x_wconf 85' lang='lat'>·-</span> <span class='ocrx_word' id='word_1_232' title='bbox 471 2714 605 2774; x_wconf 86' lang='lat' dir='ltr'>Tertium</span> <span class='ocrx_word' id='word_1_233' title='bbox 611 2714 631 2773; x_wconf 89' lang='lat' dir='ltr'><strong>J</strong></span> <span class='ocrx_word' id='word_1_234' title='bbox 633 2714 725 2774; x_wconf 89' lang='lat' dir='ltr'>ustiui</span> <span class='ocrx_word' id='word_1_235' title='bbox 734 2732 808 2791; x_wconf 90' lang='lat' dir='ltr'>opus</span> <span class='ocrx_word' id='word_1_236' title='bbox 820 2716 865 2774; x_wconf 89' lang='lat' dir='ltr'>est</span> <span class='ocrx_word' id='word_1_237' title='bbox 880 2731 947 2788; x_wconf 94' lang='lat' dir='ltr'>pro·</span> <span class='ocrx_word' id='word_1_238' title='bbox 977 2734 1036 2792; x_wconf 92' lang='lat' dir='ltr'>que</span> <span class='ocrx_word' id='word_1_239' title='bbox 1052 2716 1116 2789; x_wconf 83' lang='lat' dir='ltr'>ejus</span> <span class='ocrx_word' id='word_1_240' title='bbox 1131 2714 1326 2791; x_wconf 83' lang='lat' dir='ltr'>perfectiones</span> <span class='ocrx_word' id='word_1_241' title='bbox 1351 2717 1459 2791; x_wconf 89' lang='lat' dir='ltr'>probat</span> <span class='ocrx_word' id='word_1_242' title='bbox 1483 2734 1518 2773; x_wconf 85' lang='lat' dir='ltr'>er</span> <span class='ocrx_word' id='word_1_243' title='bbox 1533 2715 1619 2774; x_wconf 88' lang='lat' dir='ltr'>testi·</span> 
     </span>
     <span class='ocr_line' id='line_1_25' title="bbox 309 2802 1618 2881; baseline 0 -18"><span class='ocrx_word' id='word_1_244' title='bbox 309 2804 387 2863; x_wconf 86' lang='lat' dir='ltr'>lixas</span> <span class='ocrx_word' id='word_1_245' title='bbox 403 2806 469 2881; x_wconf 88' lang='lat' dir='ltr'>ejus</span> <span class='ocrx_word' id='word_1_246' title='bbox 485 2822 551 2862; x_wconf 81' lang='lat' dir='ltr'>cum</span> <span class='ocrx_word' id='word_1_247' title='bbox 569 2804 717 2881; x_wconf 74' lang='lat' dir='ltr'>Tryphone</span> <span class='ocrx_word' id='word_1_248' title='bbox 729 2802 839 2879; x_wconf 88' lang='lat' dir='ltr'>judaeo</span> <span class='ocrx_word' id='word_1_249' title='bbox 855 2804 947 2863; x_wconf 82' lang='lat' dir='ltr'>diolc-</span> <span class='ocrx_word' id='word_1_250' title='bbox 977 2804 1092 2874; x_wconf 86' lang='lat' dir='ltr'>moniis,</span> <span class='ocrx_word' id='word_1_251' title='bbox 1118 2822 1179 2863; x_wconf 88' lang='lat' dir='ltr'>non</span> <span class='ocrx_word' id='word_1_252' title='bbox 1203 2805 1305 2863; x_wconf 86' lang='lat' dir='ltr'>tamen</span> <span class='ocrx_word' id='word_1_253' title='bbox 1330 2822 1446 2880; x_wconf 88' lang='lat' dir='ltr'>semper</span> <span class='ocrx_word' id='word_1_254' title='bbox 1469 2805 1618 2880; x_wconf 84' lang='lat' dir='ltr'>genuinis,</span> 
     </span>
     <span class='ocr_line' id='line_1_26' title="bbox 308 2892 1619 2970; baseline 0 -18"><span class='ocrx_word' id='word_1_255' title='bbox 308 2912 368 2969; x_wconf 75' lang='lat' dir='ltr'>gree,</span> <span class='ocrx_word' id='word_1_256' title='bbox 386 2894 439 2969; x_wconf 89' lang='lat' dir='ltr'>qui</span> <span class='ocrx_word' id='word_1_257' title='bbox 454 2896 556 2952; x_wconf 88' lang='lat' dir='ltr'>tamen</span> <span class='ocrx_word' id='word_1_258' title='bbox 570 2892 688 2970; x_wconf 88' lang='lat' dir='ltr'>integer</span> <span class='ocrx_word' id='word_1_259' title='bbox 702 2910 762 2953; x_wconf 88' lang='lat' dir='ltr'>non</span> <span class='ocrx_word' id='word_1_260' title='bbox 778 2894 883 2953; x_wconf 86' lang='lat' dir='ltr'>exstat.</span> <span class='ocrx_word' id='word_1_261' title='bbox 913 2892 950 2950; x_wconf 89' lang='lat' dir='ltr'>Iu</span> <span class='ocrx_word' id='word_1_262' title='bbox 977 2894 1112 2969; x_wconf 89' lang='lat' dir='ltr'>ipsorum</span> <span class='ocrx_word' id='word_1_263' title='bbox 1127 2893 1296 2970; x_wconf 88' lang='lat' dir='ltr'>gentilium.</span> <span class='ocrx_word' id='word_1_264' title='bbox 1329 2892 1413 2962; x_wconf 83' lang='lat' dir='ltr'>Quod</span> <span class='ocrx_word' id='word_1_265' title='bbox 1430 2894 1455 2952; x_wconf 87' lang='lat' dir='ltr'>si</span> <span class='ocrx_word' id='word_1_266' title='bbox 1471 2894 1541 2952; x_wconf 88' lang='lat' dir='ltr'>haec</span> <span class='ocrx_word' id='word_1_267' title='bbox 1560 2893 1619 2953; x_wconf 87' lang='lat' dir='ltr'>trie</span> 
     </span>
     <span class='ocr_line' id='line_1_27' title="bbox 310 2980 1617 3059; baseline 0 -18"><span class='ocrx_word' id='word_1_268' title='bbox 310 2984 373 3057; x_wconf 89' lang='lat' dir='ltr'>ejus</span> <span class='ocrx_word' id='word_1_269' title='bbox 389 2982 541 3059; x_wconf 90' lang='lat' dir='ltr'>prooemio</span> <span class='ocrx_word' id='word_1_270' title='bbox 565 3000 648 3041; x_wconf 90' lang='lat' dir='ltr'>suam</span> <span class='ocrx_word' id='word_1_271' title='bbox 672 2980 709 3041; x_wconf 88' lang='lat' dir='ltr'>ed</span> <span class='ocrx_word' id='word_1_272' title='bbox 734 2980 822 3041; x_wconf 88' lang='lat' dir='ltr'>fidem</span> <span class='ocrx_word' id='word_1_273' title='bbox 838 2980 949 3041; x_wconf 90' lang='lat' dir='ltr'>Christi</span> <span class='ocrx_word' id='word_1_274' title='bbox 978 2983 1121 3057; x_wconf 86' lang='lat' dir='ltr'>opuscula</span> <span class='ocrx_word' id='word_1_275' title='bbox 1136 2999 1196 3040; x_wconf 90' lang='lat' dir='ltr'>non</span> <span class='ocrx_word' id='word_1_276' title='bbox 1213 2984 1286 3041; x_wconf 90' lang='lat' dir='ltr'>sunt</span> <span class='ocrx_word' id='word_1_277' title='bbox 1294 2982 1314 3041; x_wconf 89' lang='lat' dir='ltr'><strong>J</strong></span> <span class='ocrx_word' id='word_1_278' title='bbox 1316 2982 1419 3051; x_wconf 85' lang='lat' dir='ltr'>ustini,</span> <span class='ocrx_word' id='word_1_279' title='bbox 1431 2983 1537 3042; x_wconf 88' lang='lat' dir='ltr'>saltem</span> <span class='ocrx_word' id='word_1_280' title='bbox 1547 3001 1617 3041; x_wconf 88' lang='lat' dir='ltr'>euc-</span> 
     </span>
     <span class='ocr_line' id='line_1_28' title="bbox 308 3068 1618 3150; baseline 0 -19"><span class='ocrx_word' id='word_1_281' title='bbox 308 3071 528 3131; x_wconf 86' lang='lat' dir='ltr'>couversicaem</span> <span class='ocrx_word' id='word_1_282' title='bbox 544 3073 661 3141; x_wconf 88' lang='lat' dir='ltr'>narret;</span> <span class='ocrx_word' id='word_1_283' title='bbox 678 3071 709 3131; x_wconf 90' lang='lat' dir='ltr'>iu</span> <span class='ocrx_word' id='word_1_284' title='bbox 728 3084 741 3135; x_wconf 95' lang='lat'>1</span> <span class='ocrx_word' id='word_1_285' title='bbox 761 3091 789 3147; x_wconf 89' lang='lat' dir='ltr'>p.</span> <span class='ocrx_word' id='word_1_286' title='bbox 805 3068 847 3150; x_wconf 87' lang='lat' dir='ltr'>(u.</span> <span class='ocrx_word' id='word_1_287' title='bbox 863 3082 945 3135; x_wconf 89' lang='lat'>10-</span> <span class='ocrx_word' id='word_1_288' title='bbox 976 3074 1078 3131; x_wconf 87' lang='lat' dir='ltr'>torum</span> <span class='ocrx_word' id='word_1_289' title='bbox 1093 3073 1166 3130; x_wconf 90' lang='lat' dir='ltr'>suut</span> <span class='ocrx_word' id='word_1_290' title='bbox 1174 3070 1376 3146; x_wconf 84' lang='lat' dir='ltr'>antiquorum,</span> <span class='ocrx_word' id='word_1_291' title='bbox 1394 3088 1450 3133; x_wconf 88' lang='lat' dir='ltr'>sec.</span> <span class='ocrx_word' id='word_1_292' title='bbox 1466 3071 1543 3129; x_wconf 84' lang='lat' dir='ltr'>forte</span> <span class='ocrx_word' id='word_1_293' title='bbox 1554 3072 1618 3147; x_wconf 88' lang='lat' dir='ltr'>jam</span> 
     </span>
     <span class='ocr_line' id='line_1_29' title="bbox 311 3155 1617 3241; baseline -0.003 -18"><span class='ocrx_word' id='word_1_294' title='bbox 311 3155 366 3241; x_wconf 85' lang='grc'>48)</span> <span class='ocrx_word' id='word_1_295' title='bbox 388 3160 607 3238; x_wconf 88' lang='lat' dir='ltr'>praejudicatae</span> <span class='ocrx_word' id='word_1_296' title='bbox 625 3160 801 3237; x_wconf 88' lang='lat' dir='ltr'>judaeorum</span> <span class='ocrx_word' id='word_1_297' title='bbox 826 3160 862 3219; x_wconf 89' lang='lat' dir='ltr'>de</span> <span class='ocrx_word' id='word_1_298' title='bbox 884 3160 949 3236; x_wconf 90' lang='lat' dir='ltr'>lege</span> <span class='ocrx_word' id='word_1_299' title='bbox 976 3159 1178 3221; x_wconf 84' lang='lat' dir='ltr'>ll.velIIl.-</span> <span class='ocrx_word' id='word_1_300' title='bbox 1193 3160 1362 3219; x_wconf 88' lang='lat' dir='ltr'>Cenuinum</span> <span class='ocrx_word' id='word_1_301' title='bbox 1378 3159 1617 3220; x_wconf 85' lang='lat' dir='ltr'>Zehuheudim-</span> 
     </span>
     <span class='ocr_line' id='line_1_30' title="bbox 310 3248 1616 3327; baseline 0 -18"><span class='ocrx_word' id='word_1_302' title='bbox 310 3249 438 3309; x_wconf 87' lang='lat' dir='ltr'>mosaice</span> <span class='ocrx_word' id='word_1_303' title='bbox 453 3254 485 3308; x_wconf 92' lang='lat' dir='ltr'>et</span> <span class='ocrx_word' id='word_1_304' title='bbox 500 3250 536 3309; x_wconf 92' lang='lat' dir='ltr'>de</span> <span class='ocrx_word' id='word_1_305' title='bbox 552 3249 711 3309; x_wconf 88' lang='lat' dir='ltr'>christiane</span> <span class='ocrx_word' id='word_1_306' title='bbox 726 3248 870 3326; x_wconf 88' lang='lat' dir='ltr'>religione</span> <span class='ocrx_word' id='word_1_307' title='bbox 885 3248 948 3325; x_wconf 93' lang='lat' dir='ltr'>opi·</span> <span class='ocrx_word' id='word_1_308' title='bbox 977 3250 1083 3309; x_wconf 89' lang='lat' dir='ltr'>merito</span> <span class='ocrx_word' id='word_1_309' title='bbox 1099 3253 1201 3309; x_wconf 89' lang='lat' dir='ltr'>censet</span> <span class='ocrx_word' id='word_1_310' title='bbox 1216 3248 1449 3326; x_wconf 87' lang='lat' dir='ltr'>pulcherrimum</span> <span class='ocrx_word' id='word_1_311' title='bbox 1470 3248 1616 3327; x_wconf 79' lang='lat' dir='ltr'>fragmen-</span> 
     </span>
     <span class='ocr_line' id='line_1_31' title="bbox 308 3338 1617 3419; baseline -0.001 -20"><span class='ocrx_word' id='word_1_312' title='bbox 308 3340 413 3399; x_wconf 88' lang='lat' dir='ltr'>uiones</span> <span class='ocrx_word' id='word_1_313' title='bbox 435 3338 630 3409; x_wconf 66' lang='lat' dir='ltr'>refellentem</span> <span class='ocrx_word' id='word_1_314' title='bbox 654 3340 686 3399; x_wconf 88' lang='lat' dir='ltr'>iu</span> <span class='ocrx_word' id='word_1_315' title='bbox 713 3347 741 3401; x_wconf 86' lang='lat'>2.</span> <span class='ocrx_word' id='word_1_316' title='bbox 756 3358 784 3415; x_wconf 90' lang='lat' dir='ltr'>p.</span> <span class='ocrx_word' id='word_1_317' title='bbox 802 3338 844 3419; x_wconf 89' lang='grc' dir='ltr'>(ιι.</span> <span class='ocrx_word' id='word_1_318' title='bbox 862 3348 948 3401; x_wconf 80' lang='lat'>49-</span> <span class='ocrx_word' id='word_1_319' title='bbox 976 3342 1043 3397; x_wconf 89' lang='lat' dir='ltr'>tum</span> <span class='ocrx_word' id='word_1_320' title='bbox 1067 3340 1116 3398; x_wconf 82' lang='lat' dir='ltr'>vel</span> <span class='ocrx_word' id='word_1_321' title='bbox 1141 3338 1318 3415; x_wconf 89' lang='lat' dir='ltr'>opusculum</span> <span class='ocrx_word' id='word_1_322' title='bbox 1343 3339 1378 3397; x_wconf 82' lang='lat' dir='ltr'>de</span> <span class='ocrx_word' id='word_1_323' title='bbox 1399 3342 1617 3414; x_wconf 64' lang='lat' dir='ltr'>resonatione,</span> 
     </span>
     <span class='ocr_line' id='line_1_32' title="bbox 314 3424 1618 3507; baseline -0.002 -18"><span class='ocrx_word' id='word_1_324' title='bbox 314 3424 385 3507; x_wconf 75' lang='lat'>108)</span> <span class='ocrx_word' id='word_1_325' title='bbox 403 3428 565 3487; x_wconf 84' lang='lat' dir='ltr'>christiane</span> <span class='ocrx_word' id='word_1_326' title='bbox 580 3426 717 3505; x_wconf 87' lang='lat' dir='ltr'>dogmate</span> <span class='ocrx_word' id='word_1_327' title='bbox 733 3427 769 3487; x_wconf 92' lang='lat' dir='ltr'>de</span> <span class='ocrx_word' id='word_1_328' title='bbox 785 3427 895 3487; x_wconf 90' lang='lat' dir='ltr'>Christi</span> <span class='ocrx_word' id='word_1_329' title='bbox 904 3427 948 3486; x_wconf 90' lang='lat' dir='ltr'>di·</span> <span class='ocrx_word' id='word_1_330' title='bbox 976 3447 1065 3503; x_wconf 92' lang='lat' dir='ltr'>quam</span> <span class='ocrx_word' id='word_1_331' title='bbox 1082 3428 1211 3505; x_wconf 87' lang='lat' dir='ltr'>egregiis</span> <span class='ocrx_word' id='word_1_332' title='bbox 1227 3428 1336 3502; x_wconf 89' lang='lat' dir='ltr'>probat</span> <span class='ocrx_word' id='word_1_333' title='bbox 1350 3427 1525 3487; x_wconf 89' lang='lat' dir='ltr'>rationibus.</span> <span class='ocrx_word' id='word_1_334' title='bbox 1550 3429 1618 3487; x_wconf 81' lang='lat' dir='ltr'>alie</span> 
     </span>
     <span class='ocr_line' id='line_1_33' title="bbox 310 3516 1617 3593; baseline 0.001 -18"><span class='ocrx_word' id='word_1_335' title='bbox 310 3517 442 3589; x_wconf 78' lang='lat' dir='ltr'>sinitote,</span> <span class='ocrx_word' id='word_1_336' title='bbox 466 3516 667 3577; x_wconf 87' lang='lat' dir='ltr'>incarnatione</span> <span class='ocrx_word' id='word_1_337' title='bbox 692 3520 723 3576; x_wconf 91' lang='lat' dir='ltr'>et</span> <span class='ocrx_word' id='word_1_338' title='bbox 747 3516 950 3593; x_wconf 87' lang='lat' dir='ltr'>redemptione</span> <span class='ocrx_word' id='word_1_339' title='bbox 976 3517 1093 3577; x_wconf 86' lang='lat' dir='ltr'>Justini</span> <span class='ocrx_word' id='word_1_340' title='bbox 1109 3536 1198 3593; x_wconf 90' lang='lat' dir='ltr'>opere</span> <span class='ocrx_word' id='word_1_341' title='bbox 1207 3517 1371 3591; x_wconf 91' lang='lat' dir='ltr'>perierunt,</span> <span class='ocrx_word' id='word_1_342' title='bbox 1388 3517 1476 3592; x_wconf 85' lang='lat' dir='ltr'>plura</span> <span class='ocrx_word' id='word_1_343' title='bbox 1491 3518 1519 3575; x_wconf 92' lang='lat' dir='ltr'>ei</span> <span class='ocrx_word' id='word_1_344' title='bbox 1534 3517 1617 3593; x_wconf 85' lang='lat' dir='ltr'>fuere</span> 
     </span>
     <span class='ocr_line' id='line_1_34' title="bbox 309 3604 1618 3683; baseline -0.001 -18"><span class='ocrx_word' id='word_1_345' title='bbox 309 3624 342 3665; x_wconf 87' lang='lat' dir='ltr'>er</span> <span class='ocrx_word' id='word_1_346' title='bbox 366 3625 388 3665; x_wconf 91' lang='lat' dir='ltr'>s.</span> <span class='ocrx_word' id='word_1_347' title='bbox 414 3604 579 3682; x_wconf 83' lang='lat' dir='ltr'>Scripturis</span> <span class='ocrx_word' id='word_1_348' title='bbox 603 3604 783 3683; x_wconf 65' lang='lat' dir='ltr'>probantum</span> <span class='ocrx_word' id='word_1_349' title='bbox 809 3606 841 3664; x_wconf 91' lang='lat' dir='ltr'>in</span> <span class='ocrx_word' id='word_1_350' title='bbox 866 3615 894 3669; x_wconf 86' lang='lat'>3.</span> <span class='ocrx_word' id='word_1_351' title='bbox 918 3626 948 3682; x_wconf 93' lang='lat' dir='ltr'>p.</span> <span class='ocrx_word' id='word_1_352' title='bbox 978 3606 1142 3683; x_wconf 83' lang='lat' dir='ltr'>supposita,</span> <span class='ocrx_word' id='word_1_353' title='bbox 1158 3609 1195 3665; x_wconf 86' lang='lat' dir='ltr'>ut</span> <span class='ocrx_word' id='word_1_354' title='bbox 1204 3606 1356 3682; x_wconf 72' lang='lat' dir='ltr'>Expositis</span> <span class='ocrx_word' id='word_1_355' title='bbox 1364 3607 1540 3665; x_wconf 71' lang='lat' dir='ltr'>orthodoxae</span> <span class='ocrx_word' id='word_1_356' title='bbox 1551 3607 1618 3681; x_wconf 73' lang='lat' dir='ltr'>fidei</span> 
     </span>
     <span class='ocr_line' id='line_1_35' title="bbox 310 3691 1617 3777; baseline -0.001 -22"><span class='ocrx_word' id='word_1_357' title='bbox 310 3692 349 3777; x_wconf 87' lang='grc' dir='ltr'>(ιι.</span> <span class='ocrx_word' id='word_1_358' title='bbox 369 3691 557 3777; x_wconf 80' lang='lat' dir='ltr'>loe-142)</span> <span class='ocrx_word' id='word_1_359' title='bbox 580 3696 644 3771; x_wconf 89' lang='lat' dir='ltr'>pari</span> <span class='ocrx_word' id='word_1_360' title='bbox 664 3694 780 3755; x_wconf 89' lang='lat' dir='ltr'>ratione</span> <span class='ocrx_word' id='word_1_361' title='bbox 805 3694 842 3755; x_wconf 92' lang='lat' dir='ltr'>de</span> <span class='ocrx_word' id='word_1_362' title='bbox 865 3712 950 3754; x_wconf 79' lang='lat' dir='ltr'>voce·</span> <span class='ocrx_word' id='word_1_363' title='bbox 978 3713 1031 3755; x_wconf 89' lang='lat' dir='ltr'>seu</span> <span class='ocrx_word' id='word_1_364' title='bbox 1047 3696 1084 3755; x_wconf 85' lang='lat' dir='ltr'>de</span> <span class='ocrx_word' id='word_1_365' title='bbox 1100 3693 1292 3776; x_wconf 78' lang='lat' dir='ltr'>Trinitate1);</span> <span class='ocrx_word' id='word_1_366' title='bbox 1309 3695 1442 3770; x_wconf 74' lang='lat' dir='ltr'>Epistola</span> <span class='ocrx_word' id='word_1_367' title='bbox 1458 3696 1617 3754; x_wconf 80' lang='lat' dir='ltr'>odZenom</span> 
     </span>
     <span class='ocr_line' id='line_1_36' title="bbox 308 3784 1617 3862; baseline -0.002 -19"><span class='ocrx_word' id='word_1_368' title='bbox 308 3785 387 3844; x_wconf 74' lang='lat' dir='ltr'>hone</span> <span class='ocrx_word' id='word_1_369' title='bbox 404 3784 541 3862; x_wconf 88' lang='lat' dir='ltr'>gentium</span> <span class='ocrx_word' id='word_1_370' title='bbox 563 3788 594 3843; x_wconf 86' lang='lat' dir='ltr'>et</span> <span class='ocrx_word' id='word_1_371' title='bbox 616 3784 725 3843; x_wconf 90' lang='lat' dir='ltr'>Christi</span> <span class='ocrx_word' id='word_1_372' title='bbox 748 3784 881 3845; x_wconf 80' lang='lat' dir='ltr'>Ecclesia</span> <span class='ocrx_word' id='word_1_373' title='bbox 895 3803 951 3860; x_wconf 90' lang='lat' dir='ltr'>per</span> <span class='ocrx_word' id='word_1_374' title='bbox 977 3792 1002 3843; x_wconf 81' lang='lat' dir='ltr'>et</span> <span class='ocrx_word' id='word_1_375' title='bbox 1027 3785 1178 3860; x_wconf 61' lang='lat' dir='ltr'>Samum,</span> <span class='ocrx_word' id='word_1_376' title='bbox 1211 3802 1287 3859; x_wconf 90' lang='lat' dir='ltr'>quae</span> <span class='ocrx_word' id='word_1_377' title='bbox 1312 3790 1359 3843; x_wconf 89' lang='lat' dir='ltr'>est</span> <span class='ocrx_word' id='word_1_378' title='bbox 1382 3785 1548 3844; x_wconf 87' lang='lat' dir='ltr'>exhortatio</span> <span class='ocrx_word' id='word_1_379' title='bbox 1580 3784 1617 3842; x_wconf 87' lang='lat' dir='ltr'>ad</span> 
     </span>
     <span class='ocr_line' id='line_1_37' title="bbox 309 3870 1617 3956; baseline -0.002 -23"><span class='ocrx_word' id='word_1_380' title='bbox 309 3870 948 3956; x_wconf 73' lang='lat' dir='ltr'>prophetaspraedictedisseritur2).·Prae·</span> <span class='ocrx_word' id='word_1_381' title='bbox 977 3873 1070 3933; x_wconf 85' lang='lat' dir='ltr'>vitam</span> <span class='ocrx_word' id='word_1_382' title='bbox 1101 3872 1301 3943; x_wconf 86' lang='lat' dir='ltr'>christianam,</span> <span class='ocrx_word' id='word_1_383' title='bbox 1332 3874 1417 3948; x_wconf 82' lang='lat' dir='ltr'>juxte</span> <span class='ocrx_word' id='word_1_384' title='bbox 1447 3873 1617 3932; x_wconf 83' lang='lat' dir='ltr'>Betiltol</span> 
     </span>
     <span class='ocr_line' id='line_1_38' title="bbox 306 3962 1617 4038; baseline -0.001 -16"><span class='ocrx_word' id='word_1_385' title='bbox 306 3966 353 4022; x_wconf 88' lang='lat' dir='ltr'>ter</span> <span class='ocrx_word' id='word_1_386' title='bbox 367 3964 548 4038; x_wconf 86' lang='lat' dir='ltr'>haecopera,</span> <span class='ocrx_word' id='word_1_387' title='bbox 559 3964 794 4038; x_wconf 90' lang='lat' dir='ltr'>quaecommuui</span> <span class='ocrx_word' id='word_1_388' title='bbox 804 3980 949 4022; x_wconf 86' lang='lat' dir='ltr'>consensu</span> <span class='ocrx_word' id='word_1_389' title='bbox 977 3962 1054 4023; x_wconf 86' lang='lat' dir='ltr'>forte</span> <span class='ocrx_word' id='word_1_390' title='bbox 1064 3962 1238 4022; x_wconf 86' lang='lat' dir='ltr'>Sisinnii</span> <span class='ocrx_word' id='word_1_391' title='bbox 1254 3962 1617 4038; x_wconf 83' lang='lat' dir='ltr'>ep.uoeetiuniCP.Chry·</span> 
     </span>
     <span class='ocr_line' id='line_1_39' title="bbox 976 4052 1617 4129; baseline -0.003 -18"><span class='ocrx_word' id='word_1_392' title='bbox 976 4056 1105 4111; x_wconf 87' lang='lat' dir='ltr'>sostomo</span> <span class='ocrx_word' id='word_1_393' title='bbox 1129 4052 1279 4127; x_wconf 81' lang='lat' dir='ltr'>aequalis3</span> <span class='ocrx_word' id='word_1_394' title='bbox 1309 4053 1467 4126; x_wconf 60' lang='lat' dir='ltr'>mactatio</span> <span class='ocrx_word' id='word_1_395' title='bbox 1489 4070 1617 4129; x_wconf 76' lang='lat' dir='ltr'>quorun-</span> 
     </span>
     <span class='ocr_line' id='line_1_40' title="bbox 976 4142 1618 4220; baseline 0.002 -21"><span class='ocrx_word' id='word_1_396' title='bbox 976 4143 1046 4201; x_wconf 82' lang='lat' dir='ltr'>dam</span> <span class='ocrx_word' id='word_1_397' title='bbox 1055 4143 1222 4220; x_wconf 78' lang='lat' dir='ltr'>dogmatum</span> <span class='ocrx_word' id='word_1_398' title='bbox 1229 4142 1415 4217; x_wconf 75' lang='lat' dir='ltr'>Aristotelie5</span> <span class='ocrx_word' id='word_1_399' title='bbox 1434 4142 1618 4214; x_wconf 62' lang='lat' dir='ltr'>Quaestione</span> 
     </span>
     <span class='ocr_line' id='line_1_41' title="bbox 1249 4226 1618 4312; baseline -0.011 -19"><span class='ocrx_word' id='word_1_400' title='bbox 1249 4226 1341 4312; x_wconf 81' lang='lat'>(146)</span> <span class='ocrx_word' id='word_1_401' title='bbox 1373 4230 1410 4290; x_wconf 89' lang='lat' dir='ltr'>ed</span> <span class='ocrx_word' id='word_1_402' title='bbox 1441 4230 1618 4290; x_wconf 87' lang='lat' dir='ltr'>orthodoxos</span> 
     </span>
    </p>
   </div>
   <div class='ocr_carea' id='block_1_3' title="bbox 306 4122 467 4133">
    <p class='ocr_par' dir='ltr' id='par_1_3' title="bbox 306 4122 467 4133">
     <span class='ocr_line' id='line_1_42' title="bbox 306 4122 467 4133; baseline -0.025 0"><span class='ocrx_word' id='word_1_403' title='bbox 306 4122 467 4133; x_wconf 77' lang='lat'><em>—.-——</em></span> 
     </span>
    </p>
   </div>
   <div class='ocr_carea' id='block_1_4' title="bbox 304 4202 1617 5205">
    <p class='ocr_par' dir='ltr' id='par_1_4' title="bbox 306 4202 1617 4990">
     <span class='ocr_line' id='line_1_43' title="bbox 346 4202 1159 4273; baseline -0.004 -14"><span class='ocrx_word' id='word_1_404' title='bbox 346 4208 359 4244; x_wconf 80' lang='lat'>¹&#39;</span> <span class='ocrx_word' id='word_1_405' title='bbox 379 4204 421 4259; x_wconf 83' lang='lat' dir='ltr'>Cf.</span> <span class='ocrx_word' id='word_1_406' title='bbox 436 4202 613 4259; x_wconf 84' lang='lat' dir='ltr'>Wehoter</span> <span class='ocrx_word' id='word_1_407' title='bbox 633 4204 663 4260; x_wconf 92' lang='lat'>0.</span> <span class='ocrx_word' id='word_1_408' title='bbox 678 4202 708 4259; x_wconf 91' lang='lat' dir='ltr'>P.</span> <span class='ocrx_word' id='word_1_409' title='bbox 734 4203 787 4259; x_wconf 88' lang='lat' dir='ltr'>Die</span> <span class='ocrx_word' id='word_1_410' title='bbox 807 4206 832 4258; x_wconf 82' lang='lat' dir='ltr'>A</span> <span class='ocrx_word' id='word_1_411' title='bbox 854 4203 948 4273; x_wconf 81' lang='lat' dir='ltr'>elogia</span> <span class='ocrx_word' id='word_1_412' title='bbox 1153 4232 1159 4244; x_wconf 92' lang='lat'>·</span> 
     </span>
     <span class='ocr_line' id='line_1_44' title="bbox 307 4220 1227 4333; baseline -0.001 -5"><span class='ocrx_word' id='word_1_413' title='bbox 307 4220 600 4333; x_wconf 62' lang='lat' dir='ltr'>cremamus..</span> <span class='ocrx_word' id='word_1_414' title='bbox 615 4294 642 4331; x_wconf 81' lang='lat' dir='ltr'>u.</span> <span class='ocrx_word' id='word_1_415' title='bbox 657 4276 686 4331; x_wconf 81' lang='grc' dir='ltr'>ιι</span> <span class='ocrx_word' id='word_1_416' title='bbox 708 4224 948 4331; x_wconf 59' lang='lat' dir='ltr'>elisaei-aeco-</span> <span class='ocrx_word' id='word_1_417' title='bbox 976 4238 1001 4288; x_wconf 44' lang='grc' dir='ltr'>Β(</span> <span class='ocrx_word' id='word_1_418' title='bbox 1025 4249 1227 4306; x_wconf 63' lang='lat' dir='ltr'>reponsione</span> 
     </span>
     <span class='ocr_line' id='line_1_45' title="bbox 309 4346 1134 4417; baseline -0.007 -13"><span class='ocrx_word' id='word_1_419' title='bbox 309 4348 417 4404; x_wconf 80' lang='lat' dir='ltr'>riecher</span> <span class='ocrx_word' id='word_1_420' title='bbox 429 4346 596 4417; x_wconf 83' lang='lat' dir='ltr'>Beziehung</span> <span class='ocrx_word' id='word_1_421' title='bbox 608 4366 673 4403; x_wconf 84' lang='lat' dir='ltr'>zum</span> <span class='ocrx_word' id='word_1_422' title='bbox 687 4348 840 4402; x_wconf 85' lang='lat' dir='ltr'>erstenmel</span> <span class='ocrx_word' id='word_1_423' title='bbox 854 4350 948 4400; x_wconf 84' lang='lat' dir='ltr'>unter-</span> <span class='ocrx_word' id='word_1_424' title='bbox 977 4354 1134 4362; x_wconf 52' lang='lat'>*-</span> 
     </span>
     <span class='ocr_line' id='line_1_46' title="bbox 308 4417 1617 4490; baseline 0 -19"><span class='ocrx_word' id='word_1_425' title='bbox 308 4420 401 4483; x_wconf 77' lang='lat' dir='ltr'>sucht</span> <span class='ocrx_word' id='word_1_426' title='bbox 424 4418 531 4473; x_wconf 76' lang='lat' dir='ltr'>Romae</span> <span class='ocrx_word' id='word_1_427' title='bbox 548 4422 623 4483; x_wconf 77' lang='grc'>1897,</span> <span class='ocrx_word' id='word_1_428' title='bbox 644 4437 701 4489; x_wconf 89' lang='lat' dir='ltr'>quo</span> <span class='ocrx_word' id='word_1_429' title='bbox 722 4421 753 4477; x_wconf 90' lang='lat' dir='ltr'>iu</span> <span class='ocrx_word' id='word_1_430' title='bbox 775 4436 821 4490; x_wconf 91' lang='lat' dir='ltr'>op.</span> <span class='ocrx_word' id='word_1_431' title='bbox 844 4421 948 4482; x_wconf 82' lang='lat' dir='ltr'>censet,</span> <span class='ocrx_word' id='word_1_432' title='bbox 1015 4422 1033 4489; x_wconf 85' lang='lat'>¹)</span> <span class='ocrx_word' id='word_1_433' title='bbox 1048 4417 1089 4475; x_wconf 84' lang='lat' dir='ltr'>Cf.</span> <span class='ocrx_word' id='word_1_434' title='bbox 1108 4417 1305 4475; x_wconf 84' lang='lat' dir='ltr'>Draeseke.</span> <span class='ocrx_word' id='word_1_435' title='bbox 1319 4418 1411 4486; x_wconf 85' lang='lat' dir='ltr'>quiin</span> <span class='ocrx_word' id='word_1_436' title='bbox 1424 4418 1556 4472; x_wconf 87' lang='lat' dir='ltr'>Zeitschr.</span> <span class='ocrx_word' id='word_1_437' title='bbox 1570 4418 1617 4471; x_wconf 75' lang='lat' dir='ltr'>thr</span> 
     </span>
     <span class='ocr_line' id='line_1_47' title="bbox 307 4488 1616 4561; baseline -0.001 -18"><span class='ocrx_word' id='word_1_438' title='bbox 307 4490 380 4545; x_wconf 90' lang='lat' dir='ltr'>hanc</span> <span class='ocrx_word' id='word_1_439' title='bbox 391 4489 556 4561; x_wconf 83' lang='lat' dir='ltr'>apologiam</span> <span class='ocrx_word' id='word_1_440' title='bbox 564 4490 701 4545; x_wconf 86' lang='lat' dir='ltr'>orationis</span> <span class='ocrx_word' id='word_1_441' title='bbox 709 4491 814 4545; x_wconf 84' lang='lat' dir='ltr'>hebere</span> <span class='ocrx_word' id='word_1_442' title='bbox 827 4491 947 4545; x_wconf 86' lang='lat' dir='ltr'>formam</span> <span class='ocrx_word' id='word_1_443' title='bbox 975 4488 1194 4561; x_wconf 73' lang='lat' dir='ltr'>Kircheugeech,</span> <span class='ocrx_word' id='word_1_444' title='bbox 1206 4490 1329 4553; x_wconf 75' lang='lat' dir='ltr'>lesevl,</span> <span class='ocrx_word' id='word_1_445' title='bbox 1342 4489 1616 4560; x_wconf 80' lang='lat' dir='ltr'>1-45diedoppelte</span> 
     </span>
     <span class='ocr_line' id='line_1_48' title="bbox 307 4558 1616 4633; baseline -0.002 -18"><span class='ocrx_word' id='word_1_446' title='bbox 307 4562 341 4615; x_wconf 89' lang='lat' dir='ltr'>ad</span> <span class='ocrx_word' id='word_1_447' title='bbox 366 4560 529 4617; x_wconf 88' lang='lat' dir='ltr'>rhetoricae</span> <span class='ocrx_word' id='word_1_448' title='bbox 553 4564 643 4615; x_wconf 86' lang='lat' dir='ltr'>artem</span> <span class='ocrx_word' id='word_1_449' title='bbox 668 4578 828 4633; x_wconf 86' lang='lat' dir='ltr'>expressam</span> <span class='ocrx_word' id='word_1_450' title='bbox 861 4565 947 4629; x_wconf 87' lang='lat' dir='ltr'>atquc</span> <span class='ocrx_word' id='word_1_451' title='bbox 976 4562 1105 4633; x_wconf 81' lang='lat' dir='ltr'>cheung</span> <span class='ocrx_word' id='word_1_452' title='bbox 1124 4562 1175 4615; x_wconf 90' lang='lat' dir='ltr'>der</span> <span class='ocrx_word' id='word_1_453' title='bbox 1194 4562 1502 4633; x_wconf 71' lang='lat' dir='ltr'>pseudojust’Eadecrr</span> <span class='ocrx_word' id='word_1_454' title='bbox 1529 4563 1558 4613; x_wconf 85' lang='lat' dir='ltr'>et</span> <span class='ocrx_word' id='word_1_455' title='bbox 1585 4558 1616 4613; x_wconf 90' lang='lat' dir='ltr'>iu</span> 
     </span>
     <span class='ocr_line' id='line_1_49' title="bbox 306 4630 1615 4705; baseline -0.002 -19"><span class='ocrx_word' id='word_1_456' title='bbox 306 4632 478 4705; x_wconf 85' lang='lat' dir='ltr'>exemplaris</span> <span class='ocrx_word' id='word_1_457' title='bbox 500 4632 590 4686; x_wconf 87' lang='lat' dir='ltr'>instar</span> <span class='ocrx_word' id='word_1_458' title='bbox 612 4650 679 4703; x_wconf 85' lang='lat' dir='ltr'>prae</span> <span class='ocrx_word' id='word_1_459' title='bbox 701 4633 792 4689; x_wconf 84' lang='lat' dir='ltr'>oculis</span> <span class='ocrx_word' id='word_1_460' title='bbox 813 4633 947 4687; x_wconf 88' lang='lat' dir='ltr'>habuisse</span> <span class='ocrx_word' id='word_1_461' title='bbox 976 4635 1108 4705; x_wconf 88' lang='lat' dir='ltr'>pluribus</span> <span class='ocrx_word' id='word_1_462' title='bbox 1122 4632 1186 4689; x_wconf 88' lang='lat' dir='ltr'>aliie</span> <span class='ocrx_word' id='word_1_463' title='bbox 1201 4633 1267 4686; x_wconf 88' lang='lat' dir='ltr'>dise.</span> <span class='ocrx_word' id='word_1_464' title='bbox 1283 4650 1345 4686; x_wconf 89' lang='lat' dir='ltr'>eam</span> <span class='ocrx_word' id='word_1_465' title='bbox 1354 4634 1439 4702; x_wconf 82' lang='lat' dir='ltr'>juxte</span> <span class='ocrx_word' id='word_1_466' title='bbox 1460 4630 1615 4685; x_wconf 88' lang='lat' dir='ltr'>breviorem</span> 
     </span>
     <span class='ocr_line' id='line_1_50' title="bbox 306 4703 1614 4777; baseline -0.002 -20"><span class='ocrx_word' id='word_1_467' title='bbox 306 4708 452 4761; x_wconf 86' lang='lat' dir='ltr'>auctorem</span> <span class='ocrx_word' id='word_1_468' title='bbox 484 4703 610 4760; x_wconf 87' lang='lat' dir='ltr'>Platonis</span> <span class='ocrx_word' id='word_1_469' title='bbox 640 4704 811 4777; x_wconf 79' lang='lat' dir='ltr'>apologiam.</span> <span class='ocrx_word' id='word_1_470' title='bbox 844 4704 948 4760; x_wconf 84' lang='lat' dir='ltr'>Contra</span> <span class='ocrx_word' id='word_1_471' title='bbox 975 4721 1167 4760; x_wconf 85' lang='lat' dir='ltr'>recensmnem</span> <span class='ocrx_word' id='word_1_472' title='bbox 1180 4703 1359 4775; x_wconf 81' lang='lat' dir='ltr'>Apollinario</span> <span class='ocrx_word' id='word_1_473' title='bbox 1374 4704 1484 4758; x_wconf 89' lang='lat' dir='ltr'>tribuit.</span> <span class='ocrx_word' id='word_1_474' title='bbox 1509 4703 1614 4757; x_wconf 79' lang='lat' dir='ltr'>Verum</span> 
     </span>
     <span class='ocr_line' id='line_1_51' title="bbox 307 4772 1617 4847; baseline 0 -16"><span class='ocrx_word' id='word_1_475' title='bbox 307 4776 380 4832; x_wconf 83' lang='lat' dir='ltr'>hanc</span> <span class='ocrx_word' id='word_1_476' title='bbox 406 4780 504 4831; x_wconf 84' lang='lat' dir='ltr'>tamen</span> <span class='ocrx_word' id='word_1_477' title='bbox 531 4775 696 4846; x_wconf 82' lang='lat' dir='ltr'>opinionem</span> <span class='ocrx_word' id='word_1_478' title='bbox 723 4776 838 4847; x_wconf 90' lang='lat' dir='ltr'>scripsit</span> <span class='ocrx_word' id='word_1_479' title='bbox 862 4776 948 4831; x_wconf 88' lang='lat' dir='ltr'>Reu-</span> <span class='ocrx_word' id='word_1_480' title='bbox 976 4776 1081 4831; x_wconf 81' lang='lat' dir='ltr'>Fuuh</span> <span class='ocrx_word' id='word_1_481' title='bbox 1103 4776 1325 4843; x_wconf 87' lang='lat' dir='ltr'>Kirchengesch.</span> <span class='ocrx_word' id='word_1_482' title='bbox 1347 4775 1421 4830; x_wconf 78' lang='lat' dir='ltr'>abu.</span> <span class='ocrx_word' id='word_1_483' title='bbox 1444 4775 1470 4828; x_wconf 86' lang='lat'>11</span> <span class='ocrx_word' id='word_1_484' title='bbox 1492 4772 1558 4828; x_wconf 87' lang='lat' dir='ltr'>diss.</span> <span class='ocrx_word' id='word_1_485' title='bbox 1584 4783 1617 4831; x_wconf 81' lang='lat'>14</span> 
     </span>
     <span class='ocr_line' id='line_1_52' title="bbox 306 4846 1616 4919; baseline -0.002 -20"><span class='ocrx_word' id='word_1_486' title='bbox 306 4849 419 4903; x_wconf 82' lang='lat' dir='ltr'>seben</span> <span class='ocrx_word' id='word_1_487' title='bbox 442 4848 530 4903; x_wconf 87' lang='lat' dir='ltr'>theol.</span> <span class='ocrx_word' id='word_1_488' title='bbox 555 4847 675 4913; x_wconf 85' lang='lat' dir='ltr'>Qtlschr.</span> <span class='ocrx_word' id='word_1_489' title='bbox 702 4848 853 4919; x_wconf 82' lang='lat' dir='ltr'>Tilbingeu</span> <span class='ocrx_word' id='word_1_490' title='bbox 880 4854 948 4905; x_wconf 82' lang='grc'>1899</span> <span class='ocrx_word' id='word_1_491' title='bbox 975 4868 1001 4918; x_wconf 93' lang='lat' dir='ltr'>p.</span> <span class='ocrx_word' id='word_1_492' title='bbox 1024 4853 1162 4904; x_wconf 80' lang='lat'>253-291</span> <span class='ocrx_word' id='word_1_493' title='bbox 1190 4846 1316 4901; x_wconf 85' lang='lat' dir='ltr'>ostendit</span> <span class='ocrx_word' id='word_1_494' title='bbox 1339 4846 1532 4900; x_wconf 86' lang='lat' dir='ltr'>recensionem</span> <span class='ocrx_word' id='word_1_495' title='bbox 1556 4847 1616 4900; x_wconf 90' lang='lat' dir='ltr'>lou·</span> 
     </span>
     <span class='ocr_line' id='line_1_53' title="bbox 306 4916 1614 4990; baseline -0.003 -16"><span class='ocrx_word' id='word_1_496' title='bbox 306 4918 428 4985; x_wconf 80' lang='lat' dir='ltr'><strong>LXXXI,</strong></span> <span class='ocrx_word' id='word_1_497' title='bbox 444 4926 593 4977; x_wconf 84' lang='lat'>188-206.</span> <span class='ocrx_word' id='word_1_498' title='bbox 975 4920 1084 4990; x_wconf 88' lang='lat' dir='ltr'>giorem</span> <span class='ocrx_word' id='word_1_499' title='bbox 1110 4934 1168 4972; x_wconf 90' lang='lat' dir='ltr'>esse</span> <span class='ocrx_word' id='word_1_500' title='bbox 1190 4917 1361 4987; x_wconf 86' lang='lat' dir='ltr'>originalem</span> <span class='ocrx_word' id='word_1_501' title='bbox 1386 4920 1473 4984; x_wconf 86' lang='lat' dir='ltr'>etque</span> <span class='ocrx_word' id='word_1_502' title='bbox 1498 4932 1551 4971; x_wconf 88' lang='lat' dir='ltr'>sec.</span> <span class='ocrx_word' id='word_1_503' title='bbox 1577 4916 1614 4978; x_wconf 85' lang='lat' dir='ltr'>V;</span> 
     </span>
    </p>

    <p class='ocr_par' dir='ltr' id='par_1_5' title="bbox 304 4987 1615 5205">
     <span class='ocr_line' id='line_1_54' title="bbox 341 4987 1614 5063; baseline -0.003 -18"><span class='ocrx_word' id='word_1_504' title='bbox 341 4990 768 5063; x_wconf 65' lang='lat' dir='ltr'>*irungmenn-eessler</span> <span class='ocrx_word' id='word_1_505' title='bbox 793 5000 806 5058; x_wconf 67' lang='lat' dir='ltr'>fi</span> <span class='ocrx_word' id='word_1_506' title='bbox 830 5000 872 5054; x_wconf 80' lang='lat'>51,</span> <span class='ocrx_word' id='word_1_507' title='bbox 898 4989 949 5059; x_wconf 89' lang='lat' dir='ltr'>qui</span> <span class='ocrx_word' id='word_1_508' title='bbox 976 4993 1096 5046; x_wconf 84' lang='lat' dir='ltr'>alteram</span> <span class='ocrx_word' id='word_1_509' title='bbox 1122 5006 1170 5043; x_wconf 88' lang='lat' dir='ltr'>eeu</span> <span class='ocrx_word' id='word_1_510' title='bbox 1196 4989 1355 5043; x_wconf 87' lang='lat' dir='ltr'>breviorem</span> <span class='ocrx_word' id='word_1_511' title='bbox 1381 5005 1440 5041; x_wconf 88' lang='lat' dir='ltr'>esse</span> <span class='ocrx_word' id='word_1_512' title='bbox 1462 4987 1614 5059; x_wconf 82' lang='lat' dir='ltr'>epitomen,</span> 
     </span>
     <span class='ocr_line' id='line_1_55' title="bbox 305 5060 1614 5136; baseline -0.004 -19"><span class='ocrx_word' id='word_1_513' title='bbox 305 5062 371 5118; x_wconf 88' lang='lat' dir='ltr'>dein</span> <span class='ocrx_word' id='word_1_514' title='bbox 397 5062 542 5117; x_wconf 84' lang='lat' dir='ltr'>fusiorem</span> <span class='ocrx_word' id='word_1_515' title='bbox 563 5062 679 5117; x_wconf 84' lang='lat' dir='ltr'>exhibet</span> <span class='ocrx_word' id='word_1_516' title='bbox 697 5062 861 5136; x_wconf 86' lang='lat' dir='ltr'>argumenti</span> <span class='ocrx_word' id='word_1_517' title='bbox 886 5080 949 5131; x_wconf 82' lang='lat' dir='ltr'>syn·</span> <span class='ocrx_word' id='word_1_518' title='bbox 976 5065 1147 5134; x_wconf 85' lang='lat' dir='ltr'>argumenta</span> <span class='ocrx_word' id='word_1_519' title='bbox 1169 5064 1267 5115; x_wconf 87' lang='lat' dir='ltr'>autem</span> <span class='ocrx_word' id='word_1_520' title='bbox 1280 5079 1297 5114; x_wconf 86' lang='lat' dir='ltr'>a</span> <span class='ocrx_word' id='word_1_521' title='bbox 1311 5060 1452 5113; x_wconf 87' lang='lat' dir='ltr'>Dreeeeke</span> <span class='ocrx_word' id='word_1_522' title='bbox 1465 5076 1516 5129; x_wconf 89' lang='lat' dir='ltr'>pro</span> <span class='ocrx_word' id='word_1_523' title='bbox 1530 5060 1614 5130; x_wconf 84' lang='lat' dir='ltr'>Apol-</span> 
     </span>
     <span class='ocr_line' id='line_1_56' title="bbox 304 5130 1615 5205; baseline -0.003 -16"><span class='ocrx_word' id='word_1_524' title='bbox 304 5134 404 5205; x_wconf 83' lang='lat' dir='ltr'>opsim,</span> <span class='ocrx_word' id='word_1_525' title='bbox 976 5134 1063 5189; x_wconf 87' lang='lat' dir='ltr'>linari</span> <span class='ocrx_word' id='word_1_526' title='bbox 1076 5134 1163 5187; x_wconf 81' lang='lat' dir='ltr'>allate</span> <span class='ocrx_word' id='word_1_527' title='bbox 1178 5131 1282 5186; x_wconf 89' lang='lat' dir='ltr'>thesim</span> <span class='ocrx_word' id='word_1_528' title='bbox 1302 5149 1383 5185; x_wconf 86' lang='lat' dir='ltr'>suem</span> <span class='ocrx_word' id='word_1_529' title='bbox 1405 5148 1463 5186; x_wconf 91' lang='lat' dir='ltr'>non</span> <span class='ocrx_word' id='word_1_530' title='bbox 1476 5130 1615 5186; x_wconf 86' lang='lat' dir='ltr'>evincere.</span> 
     </span>
    </p>
   </div>
   <div class='ocr_carea' id='block_1_5' title="bbox 0 0 2064 5842">
    <p class='ocr_par' dir='ltr' id='par_1_6' title="bbox 0 0 2064 5842">
     <span class='ocr_line' id='line_1_57' title="bbox 0 0 2064 5842; baseline 0 1"><span class='ocrx_word' id='word_1_531' title='bbox 0 0 2064 5842; x_wconf 95' lang='lat' dir='ltr'> </span> 
     </span>
    </p>
   </div>
  </div>
 </body>
</html>
