4117 5842
314 592 377 646 257
747 574 774 628 S
787 572 956 642 Hieronymi
969 573 1065 628 stada
1079 573 1192 629 biblica.
1561 593 1622 647 253

314 763 390 838 quot
404 759 541 836 ejusdem
557 759 669 836 scripta
683 758 776 819 latine
784 760 916 818 verterat
922 755 955 839 ¹),
982 758 1114 818 Ecclesia
1130 759 1304 818 occidentali
1319 760 1352 819 iii
1375 779 1434 820 usu
1451 764 1499 820 est
1525 761 1622 820 Vareio

314 851 366 909 sed
395 845 557 926 Epiphanii
588 849 766 908 auctoritate
803 851 956 924 permotus
992 848 1122 926 Vulyuto,
1140 848 1182 908 ita
1197 849 1345 926 appellata
1357 843 1389 932 (a
1398 869 1454 910 sec.
1464 846 1541 930 XII.)
1553 851 1624 927 quia

313 959 392 1008 eum,
409 938 585 998 nominatim
601 939 667 1013 ejus
676 939 784 998 assatas
793 938 955 996 msectatus
983 937 1131 1014 gradatim
1147 959 1163 996 a
1179 955 1236 998 sec.
1254 937 1285 997 V.
1304 957 1357 1014 per
1373 939 1560 1000 Occidentem
1577 941 1623 998 in-

314 1030 369 1097 est,
385 1046 535 1104 anumque
549 1027 582 1085 in
592 1026 750 1104 origenem
763 1027 899 1086 studium
914 1028 957 1085 ita
984 1027 1080 1086 valuit
1095 1029 1126 1086 et
1142 1026 1250 1086 diffusa
1266 1031 1319 1090 est.
1349 1028 1391 1086 Ea
1416 1029 1624 1104 complectitur

313 1116 400 1193 quasi
417 1134 559 1177 excusans
575 1133 621 1191 ep.
637 1123 679 1180 84
695 1135 725 1176 ιι.
743 1125 777 1178 2:
804 1114 957 1187 ,Laudari
983 1133 1125 1175 canonem
1135 1116 1288 1175 hebraicae
1303 1117 1446 1190 veritatis,
1462 1120 1553 1192 prout
1568 1136 1585 1175 a
1600 1135 1623 1176 s.

314 1208 519 1282 interpretem,
535 1206 644 1281 inquit,
660 1224 720 1264 uon
745 1204 955 1282 dogmatisten,
983 1205 1163 1282 Hieronymo
1174 1206 1338 1264 translatus
1352 1206 1471 1267 estsolo
1481 1205 1624 1264 Psalterio

313 1295 552 1374 ingeniumnon
562 1294 885 1371 lidempbilosophum,
896 1313 957 1354 non
983 1297 1113 1370 excepto,
1133 1313 1186 1369 pro
1203 1312 1263 1370 quo
1278 1298 1430 1370 receptum
1447 1297 1493 1354 est
1508 1295 1623 1353 Psalte·

313 1385 515 1458 apostolum‘
548 1384 701 1461 Pelagiani
715 1402 794 1453 vero,
814 1401 890 1459 quos
904 1403 957 1459 pa·
983 1383 1063 1440 rium
1079 1383 1267 1459 gallicanum,
1283 1385 1368 1460 cujus
1385 1401 1474 1460 snpra
1489 1383 1625 1442 memini-

313 1474 389 1533 riter
402 1474 569 1533 insectatus
592 1477 664 1544 erat,
691 1473 859 1548 irruptione
880 1472 958 1530 facta
984 1489 1068 1542 mus3
1085 1472 1115 1530 ll
1131 1473 1239 1532 Tobiae
1255 1475 1286 1531 et
1301 1472 1321 1532 J
1323 1471 1409 1532 udith
1425 1493 1460 1532 ex
1475 1471 1625 1532 chaldaico

313 1563 418 1639 plnres
433 1561 489 1621 Dei
504 1579 604 1621 servos
620 1564 651 1620 et
672 1562 803 1631 ancillas,
829 1579 957 1637 qnorum
984 1581 1002 1618 a
1031 1579 1054 1618 s.
1085 1559 1203 1620 doctore
1228 1579 1395 1634 couversos,
1427 1565 1457 1622 et
1482 1561 1625 1638 quasdam

313 1651 523 1710 curaminsuis
529 1651 653 1728 gerebat
661 1651 860 1720 monasteriis,
871 1649 957 1709 caede
984 1652 1086 1724 partes
1102 1647 1234 1710 Danielis
1250 1654 1281 1708 et
1295 1651 1402 1710 Esther
1424 1669 1439 1709 e
1462 1669 1565 1729 graeco
1589 1649 1625 1708 ab

313 1741 488 1811 affecerunt,
513 1739 645 1799 aedificia
662 1739 861 1799 incenderunt
875 1738 956 1807 adea
985 1739 1050 1815 ipso
1066 1755 1174 1798 versas.
1197 1739 1280 1798 bibri
1296 1739 1551 1800 deuterocanonici
1567 1739 1625 1798 Ba-

313 1833 350 1888 ut
364 1830 432 1906 ipse
442 1833 565 1888 sanctus
581 1828 627 1886 vir
642 1829 692 1888 vix
706 1828 867 1906 fugeritne
877 1827 957 1904 peri·
986 1827 1069 1898 rucb,
1087 1826 1249 1904 Sapientia,
1266 1829 1490 1888 Ecclesiasticus
1513 1830 1544 1887 et
1566 1826 1625 1886 duo

314 1918 420 1977 culum
436 1918 477 1976 sit
492 1917 621 1993 elapsus.
644 1918 713 1993 Ipse
729 1917 959 1976 etiemamicitia
985 1917 1017 1975 ll.
1033 1916 1276 1976 Machabaeorum
1302 1919 1339 1976 ab
1362 1936 1397 1978 eo
1413 1935 1473 1976 non
1488 1916 1626 1976 translati

314 2024 382 2066 cnm
408 2025 431 2068 s.
455 2006 627 2082 Augustino
648 2007 835 2066 vehementia
857 2005 958 2066 obara-
985 2025 1020 2065 ex
1051 2009 1152 2065 vetere
1182 2005 1317 2066 versione
1345 2024 1491 2082 anonyma
1515 2005 1626 2064 retenti

315 2095 849 2172 cierissuinonnthitturbatafuittt.
863 2095 958 2154 Horta
986 2098 1066 2154 eunt
1097 2095 1215 2154 Novum
1240 2113 1309 2154 vero
1335 2095 1366 2153 Τ.
1389 2095 1528 2155 editionis
1552 2093 1625 2153 Vul-

313 2183 511 2244 commntavit
525 2184 854 2262 vitamagitatissimam
869 2202 958 2243 senex
985 2187 1071 2262 gatae
1087 2183 1237 2262 integrum
1253 2188 1306 2243 eut
1322 2204 1339 2243 a
1355 2203 1377 2242 s.
1394 2184 1574 2259 Hieronymo
1590 2183 1626 2241 de

314 2273 503 2333 venerandus
519 2273 880 2350 virtutibusconspionus,
896 2291 958 2332 me·
985 2291 1063 2332 novo
1075 2274 1254 2332 translatum
1271 2276 1324 2331 aut
1339 2274 1445 2332 saltem
1461 2277 1627 2332 comeatum

314 2363 382 2422 ritis
406 2364 524 2438 plenus,
550 2363 735 2438 poenitentia
760 2362 918 2422 durissima
941 2381 959 2420 a
985 2356 1072 2442 estl).
1104 2362 1142 2420 N.
1177 2363 1207 2420 T.
1237 2364 1394 2421 secuudum
1425 2363 1575 2421 editionem
1604 2381 1626 2420 a.

314 2452 419 2512 naevis
433 2455 581 2528 purgatus
598 2462 647 2516 30.
664 2451 745 2527 Sept
763 2460 836 2515 420.
986 2449 1159 2526 Hieronymi
1181 2451 1216 2510 ad
1236 2451 1318 2510 codd.
1334 2469 1403 2512 msc.
1423 2451 1510 2510 fidem
1526 2451 1626 2510 edide-

985 2539 1627 2600 runtJ.WordsworthetH.J.White

363 2639 437 2692 141.
453 2628 649 2704 Praecipuum
664 2647 688 2688 s.
702 2629 879 2705 Hieronymi
893 2631 957 2687 stn-
986 2648 1015 2704 p.
1030 2629 1053 2686 l.
1070 2631 1267 2704 complectens
1283 2629 1323 2688 IV
1342 2629 1504 2707 Evangelia
1520 2628 1626 2688 Oxonii

315 2719 401 2780 dium
418 2718 593 2778 versabatur
607 2719 686 2776 circe
700 2737 722 2779 e.
733 2718 958 2794 Scriptorum
988 2726 1239 2780 1889·1898.·-
1248 2718 1303 2776 Sed
1313 2737 1373 2777 non
1383 2720 1480 2776 solum
1489 2719 1524 2776 de
1540 2737 1627 2776 vei·-

314 2811 408 2884 atque
423 2807 534 2883 triplex
549 2806 695 2884 distingui
710 2810 819 2884 potest,
836 2826 905 2865 iiam
920 2807 958 2865 li·
986 2807 1104 2865 tenda
1129 2823 1152 2864 s.
1176 2805 1328 2880 Scriptura
1351 2807 1500 2866 sollicitus
1523 2806 1581 2864 fuit
1605 2825 1627 2866 s.

314 2898 387 2956 bros
406 2896 439 2958 V.
455 2896 487 2954 T.
498 2896 587 2972 juata
595 2896 797 2956 Hebraeorum
806 2913 958 2964 canonem,
986 2896 1097 2965 doctor,
1124 2893 1175 2952 sed
1201 2894 1289 2954 etiam
1313 2895 1349 2954 de
1371 2914 1406 2953 ca
1427 2895 1627 2970 iuterpre-

315 2989 477 3063 postquam
507 3004 610 3045 eorum
640 2985 806 3044 versionem
835 2985 959 3044 latinam
987 2985 1118 3042 tanda:
1150 2985 1240 3058 atque
1270 2984 1358 3042 initio
1388 2983 1509 3060 quidem
1535 2983 1628 3041 latine

310 3078 401 3153 juxta
425 3074 591 3132 versionem
620 3074 840 3133 alexandrinam
871 3075 958 3132 bexa-
987 3074 1079 3132 vertit
1097 3073 1230 3131 homitias
1249 3071 1382 3149 Oriqenie
1398 3069 1466 3154 (14)
1490 3074 1521 3131 in
1544 3070 1628 3130 lere-

315 3166 432 3241 plorem
457 3166 669 3223 retractaverat
699 3166 789 3239 etque
819 3163 958 3221 reforma·
986 3163 1085 3232 miam,
1108 3161 1141 3220 in
1163 3161 1343 3220 Ezechielem
1361 3158 1439 3243 (14),
1465 3162 1497 3219 iii
1521 3161 1629 3220 Isaiem

316 3256 401 3313 verat
410 3270 537 3328 eamque
546 3253 709 3312 versionem
724 3253 766 3310 ita
775 3251 959 3311 emendatam

314 3341 421 3402 nanda
444 3341 601 3418 cujusdam
623 3342 770 3412 amiserat,
796 3342 822 3399 si
846 3339 904 3399 Job
929 3343 960 3398 et
1026 3351 1045 3420 ¹)
1060 3348 1100 3402 Of.
1121 3347 1312 3404 saunier-J
1320 3365 1511 3420 unguinum
1533 3357 1546 3416 a
1571 3355 1629 3404 149.

314 3430 496 3508 psalterium
513 3429 765 3507 (gallicanum
788 3434 892 3506 postea
913 3428 958 3487 di.
987 3419 1147 3502 Triplex·
1166 3419 1241 3502 circe
1253 3423 1413 3502 Psulteidam
1426 3437 1447 3473 s.
1462 3419 1630 3500 Hieronymi

955 3525 958 3532 -
986 3491 1068 3545 labor
1081 3492 1222 3562 distingui
1230 3492 1322 3545 debet
1337 3491 1431 3545 Primo
1439 3508 1543 3544 cursim
1552 3491 1632 3544 illius

313 3515 416 3669 {mini
436 3520 582 3621 excipiam.
598 3537 632 3578 ⁰¹
653 3519 729 3620 imis
750 3519 884 3579 fontibus
908 3518 959 3619 ΙΨ
986 3564 1146 3616 versionem
1160 3567 1284 3616 veterem
1296 3563 1404 3617 residit
1416 3565 1446 3617 et
1458 3561 1631 3625 emendavit,

335 3627 426 3668 “¹⁶¹⁸
442 3609 613 3677 mustum?
629 3607 752 3668 1³¹me
768 3627 837 3668 V01'0
851 3608 960 3666 T⁰b¹³⁰
988 3636 1017 3687 et
1038 3634 1092 3688 hoc
1115 3633 1222 3688 dicitur
1236 3634 1407 3689 Psalterium
1430 3651 1631 3696 romanum,

315 3703 347 3758 et
361 3699 382 3757 1.
400 3697 422 3754 J
423 3697 509 3756 udith
526 3716 561 3757 er
577 3698 726 3757 chaldaico
742 3716 875 3757 sermone
891 3715 959 3755 con·
988 3706 1058 3773 qnia
1070 3705 1101 3758 in
1115 3722 1199 3759 naum
1208 3705 1348 3762 Ecclesiae
1359 3722 1493 3760 romanae
1507 3703 1631 3768 transiit,

314 3788 417 3847 myst„
457 3786 616 3845 Librorum
638 3806 708 3846 7010
733 3788 768 3846 N,
794 3787 824 3847 Τ,
850 3786 960 3845 msto.
987 3777 1171 3844 etquaedam
1185 3777 1313 3847 ejusdem
1333 3777 1455 3848 vestigiis
1478 3778 1634 3846 supersunt

315 3896 387 3936 nem
409 3877 503 3951 jussu
518 3875 636 3934 Damasi
652 3875 802 3951 pontificis
824 3878 961 3934 accurata
987 3847 1018 3900 5¹¹
1030 3847 1151 3930 littfssit
1164 3865 1290 3902 mmm·
1311 3849 1392 3904 Alter
1405 3851 1448 3902 efli
1460 3847 1631 3928 P⁸l¹i⁰fi¹iffl

1014 3918 1134 3972 allice
1144 3938 1161 3971 ii
1171 3938 1234 3984 um,
1248 3920 1283 3972 de
1297 3937 1354 3988 quo
1367 3937 1454 3990 supra
1462 3935 1582 3990 egimus,
1591 3921 1632 3971 iti

315 3965 502 4066 ²⁰¹'rf‘cfi0n‘
518 3982 637 4066 graeca?
652 3963 721 4023 fidei
737 3964 884 4065 reddidit-¹
900 3964 960 4022 Has
988 3939 1106 4052 itanum.
1121 3991 1190 4058 quia
1203 3991 1234 4044 in
1248 3991 1343 4045 Gallia
1360 3995 1507 4062 receptum
1521 3994 1571 4054 est,
1591 3989 1633 4042 id·

315 4071 472 4115 versiones
488 4055 536 4112 vel
551 4071 720 4113 versionum
735 4057 960 4112 retractationes
988 4079 1045 4129 que
1060 4061 1174 4116 hansiit
1183 4064 1214 4116 in
1223 4062 1382 4117 versionem
1393 4063 1554 4134 Vulgatim.
1569 4061 1633 4114 Ter-

315 4143 531 4219 eomplectitnr
561 4143 627 4218 ejus
651 4143 826 4201 Bibliotheca
851 4144 960 4218 divina!
989 4133 1049 4186 tius
1075 4133 1189 4187 deinum
1215 4134 1296 4188 labor
1322 4133 1453 4189 Psalterii
1475 4137 1518 4188 est
1540 4132 1633 4186 versio

316 4253 409 4310 quam
426 4231 519 4290 habes
534 4231 568 4290 in
583 4231 709 4307 ffigne
725 4232 749 4288 p
767 4230 961 4290 Ltttxxpffl
990 4221 1064 4287 nova
1078 4221 1111 4257 ex
1124 4205 1635 4286 hebraicouarchetypofidelissiinaet

750 4279 756 4292 “
931 4320 938 4332 .
990 4277 1132 4347 singulari
1145 4279 1327 4331 accuratione
1341 4279 1495 4341 eleborata,
1509 4292 1582 4344 quae
1596 4274 1632 4326 ad

316 4327 349 4381 et
362 4319 468 4383 xm·
499 4319 573 4379 Inde
590 4320 729 4397 Pf⁰fl¹¹¹¹it
744 4339 819 4396 ‘luae
835 4339 915 4378 ωηο
929 4341 962 4378 ¹¹¹
990 4333 1132 4419 privatam
1145 4348 1302 4418 legentium
1311 4348 1502 4402 eruditionem
1513 4362 1634 4400 summo·

990 4436 1057 4489 perc
1070 4419 1263 4473 commendari
1277 4423 1408 4474 meretur.
1417 4419 1634 4472 Haucaccurete

990 4491 1144 4544 ediderunt
1157 4491 1326 4560 Lagarde
1349 4490 1381 4543 Li
1404 4491 1461 4543 sine
1479 4497 1546 4545 1814
1564 4486 1595 4540 iii
1608 4494 1635 4541 8.

355 4567 375 4633 ¹)
390 4561 610 4614 luterheecest
621 4564 734 4631 praeter
745 4577 787 4624 ea,
802 4576 874 4628 quac
887 4559 964 4613 infre
991 4563 1202 4615 eteodemfere
1223 4566 1350 4630 tempore
1402 4559 1635 4620 isohendort',

315 4630 539 4696 recensebimus,
552 4629 767 4702 opusOrigenis
777 4631 964 4701 praecipuum
992 4633 1018 4686 S.
1031 4633 1125 4686 Beer
1138 4637 1167 4687 et
1180 4633 1223 4686 Er.
1239 4633 1421 4695 Delitech‚
1434 4632 1473 4685 ib.
1485 4635 1634 4686 istit-oiim

316 4707 511 4775 deprieeipiia,
520 4703 599 4771 quod
608 4705 703 4756 tamen
712 4702 806 4774 periit
817 4701 858 4756 Cf.
867 4707 963 4758 tamen
991 4706 1072 4758 textu
1087 4705 1263 4759 masoretioo.
1287 4703 1327 4756 Ul.
1349 4707 1475 4757 ceterum
1489 4701 1635 4755 Kauleii

317 4777 410 4844 ejuse
433 4774 556 4831 .124ad
569 4774 698 4836 Avitum,
719 4774 963 4842 quidcavendum
994 4774 1514 4844 Gesch.ilerVulgetn,blai.z186&
1540 4771 1634 4826 Hand·
1751 4845 1756 4852 υ

318 4845 357 4901 iii
368 4847 401 4902 in
412 4795 497 4900 libris
509 4849 563 4917 arpi
573 4852 666 4918 upyo'iv.
992 4848 1067 4900 buch
1082 4863 1131 4898 zur
1147 4847 1278 4916 Vulgata.
1302 4846 1372 4899 Eine
1387 4849 1500 4912 system.
1514 4841 1636 4895 Diirstel-

355 4921 371 4956 ι’
392 4915 435 4971 Cf.
448 4917 484 4970 de
496 4916 550 4971 hac
562 4915 754 4970 controversia
775 4915 920 4986 exegetica
932 4915 964 4968 iii
992 4918 1065 4987 lung
1074 4917 1149 4970 ihtes
1158 4918 1206 4970 lat.
1216 4917 1500 4986 Spraohcharskters,
1510 4916 1547 4968 ib.
1559 4915 1637 4970 istu

318 4931 382 5043 Gai.
397 4993 423 5053 2,
438 4996 473 5044 lt
484 4987 638 5052 mehler,
658 4987 847 5042 Gesemiuelte
861 4986 965 5042 Schrit'·
993 4989 1019 5041 S.
1034 4989 1172 5056 Berger
1186 4988 1258 5040 Hist
1272 4988 1307 5040 de
1321 4989 1349 5040 la
1362 4987 1487 5058 vulgate
1508 4984 1637 5057 pendant

319 5065 369 5113 teu
382 5057 445 5114 und
459 5059 603 5122 Aulestes,
615 5059 849 5130 hernusgegeben
862 5075 920 5112 von
938 5057 964 5110 J.
993 5062 1032 5114 les
1045 5058 1181 5128 premiere
1196 5059 1292 5114 siecles
1306 5060 1344 5112 du
1359 5075 1460 5127 moyen
1474 5062 1536 5128 age,
1557 5055 1639 5110 Paris

318 5129 531 5201 Dollinger
549 5129 964 5201 Regeusbur318391,l-ltt
996 5138 1073 5186 1893.

427 5229 524 5287 Homer,
539 5227 703 5276 Sommclator
715 5229 726 5274 Ι
739 5229 775 5277 ed.
790 5229 833 5276 lll.
1422 5226 1438 5276 9

319 4477 485 4490 .——-—-
