4117 5842
436 532 496 588 737
687 519 838 571 sel-900.
851 513 951 568 'l'lreol
963 513 1113 586 polemico.
1128 513 1251 580 Nicetes,
1265 513 1489 571 Gotteschalons.
1683 533 1744 588 ης

480 709 554 765 429.
576 701 713 777 Denique
735 721 771 761 ex
795 701 944 780 theologis
965 703 1075 779 pole·
1101 703 1175 762 chus
1191 701 1224 766 0.
1240 701 1269 760 S.
1284 701 1357 762 Ben.
1372 702 1493 762 natione
1509 703 1592 776 Saxo,
1611 703 1749 779 paranti-

432 790 547 849 micis
570 789 701 850 Orientis
723 791 932 850 memorandus
952 794 1000 850 est
1022 792 1074 852 ad·
1102 791 1159 852 bus
1173 791 1326 851 nobilibus
1341 794 1441 864 natus
1458 793 1548 868 atque
1563 811 1640 869 puer
1654 791 1695 852 ab
1709 792 1746 852 iis

433 879 493 938 buc
508 879 685 950 Nicetes,
707 880 805 956 patria
825 882 862 938 nt
880 879 1001 939 ridetur
1015 881 1075 956 By·
1103 883 1165 940 Deo
1194 881 1226 940 in
1252 879 1433 940 monasterio
1458 881 1590 940 tuldensi
1615 881 1746 942 oblatus.

432 969 579 1039 cautinus,
597 969 674 1027 atius
689 988 706 1027 a
721 968 826 1028 Niceta
842 968 1002 1040 Davide,
1023 988 1074 1029 cu·
1102 971 1175 1030 (tum
1199 970 1243 1028 ita
1267 968 1306 1029 sd
1329 969 1516 1028 induendum
1542 988 1565 1032 s.
1590 971 1747 1030 Benedicti

431 1059 481 1132 ius
491 1054 1074 1140 supra(p.l'l8a.)mentionemfecimus:
1101 1059 1236 1119 habitum
1253 1061 1284 1118 et
1300 1057 1338 1118 ad
1354 1076 1393 1118 ss.
1409 1059 1616 1136 suscipiendos
1626 1059 1747 1120 ordines

432 1148 487 1223 qui
509 1147 611 1206 floruit
625 1150 752 1206 exeunte
767 1165 824 1208 sec.
840 1147 888 1207 11.
918 1146 975 1206 Hic
996 1148 1074 1208 enim
1102 1149 1296 1225 obligaretur,
1313 1147 1433 1226 sulugit
1448 1151 1480 1208 et
1494 1148 1530 1208 sd
1541 1149 1699 1225 episcopos
1715 1148 1748 1208 in

432 1236 557 1312 reliquit
565 1237 778 1312 &molucam
787 1239 818 1295 et
826 1238 996 1296 maionem
1010 1238 1074 1314 epi·
1102 1236 1401 1316 synodomoguntins
1411 1234 1695 1318 (829)provocavit‚
1712 1241 1748 1297 ut

432 1327 527 1385 stolm
551 1325 588 1384 ab
612 1326 771 1385 Armeniae
799 1326 934 1402 principe
957 1328 1074 1398 missae,
1102 1327 1140 1387 ab
1156 1329 1210 1387 hac
1225 1326 1591 1404 solvereturobligationc.
1617 1326 1676 1386 Sed
1692 1326 1746 1388 ob-

433 1435 510 1491 quaa
532 1414 679 1474 insidiose
704 1414 792 1474 fidem
816 1417 949 1475 nostram
974 1416 1074 1475 ortho-
1102 1416 1453 1476 stititllabanusllanrus
1463 1416 1563 1484 abbas,
1574 1418 1641 1492 ejus
1651 1434 1748 1493 quon·

434 1505 541 1563 doxam
556 1506 588 1563 ct
602 1523 625 1562 s
645 1508 676 1563 et
692 1504 910 1564 oecumenicam
926 1505 1074 1581 synodum
1103 1507 1171 1565 dam
1187 1508 1222 1565 et
1233 1507 1385 1582 magister,
1408 1505 1488 1566 edito
1503 1505 1592 1565 etiam
1609 1505 1628 1564 l
1644 1509 1748 1566 eontra

435 1593 484 1653 IV.
500 1593 683 1665 criminatur,
700 1595 791 1669 jussu
805 1593 956 1652 Christum
972 1614 1073 1653 aman·
1103 1614 1162 1666 eos,
1193 1595 1245 1671 qui
1276 1598 1447 1672 repugnant
1470 1595 1623 1654 institutis
1647 1595 1677 1657 b.
1715 1595 1747 1653 P.

434 1682 475 1742 tis
485 1686 518 1741 et
526 1682 654 1758 piissimi
663 1682 860 1759 imperatoris,
877 1701 955 1757 quse
963 1684 1076 1764 scripta
1103 1684 1266 1756 Benedicti,
1291 1702 1344 1742 seu
1368 1685 1405 1742 dc
1426 1683 1566 1744 οὸῑαείοιιι
1583 1701 1748 1758 puerorum

433 1774 479 1831 est
494 1772 531 1831 ad
549 1771 712 1847 principem
728 1775 760 1832 et
781 1772 814 1830 in
833 1790 893 1847 qua
908 1773 1076 1847 patriarcha
1104 1771 1245 1856 (lligne
1260 1773 1359 1832 CXXV
1374 1772 1420 1832 sd.
1438 1783 1501 1836 419
1518 1769 1580 1854 ss).
1604 1773 1684 1832 Hinc
1699 1791 1747 1832 cc·

432 1859 589 1920 inducitur
607 1861 742 1937 loquens.
772 1861 816 1920 lla
836 1863 884 1920 est
905 1861 1075 1922 doctissima
1102 1865 1250 1923 natusest
1268 1862 1365 1921 redire
1387 1863 1423 1921 ad
1446 1862 1671 1932 monasterium,
1695 1862 1747 1922 sed

432 1953 498 2009 tum
518 1953 765 2027 argumentorum
787 1949 872 2026 copia
893 1957 925 2009 et
946 1951 984 2020 si,
1007 1954 1074 2008 tum
1102 1953 1279 2029 permissum
1296 1952 1323 2010 ei
1337 1951 1405 2021 fuit,
1422 1953 1459 2010 ut
1473 1951 1622 2026 secederet
1638 1950 1673 2010 in
1684 1971 1748 2012 mo-

432 2041 648 2100 seutentisrum
665 2038 822 2116 gravitate.
845 2042 877 2097 et
897 2057 937 2099 ss.
952 2043 1073 2115 patrum
1102 2041 1267 2101 uastenum
1277 2041 1446 2110 orbeccum,
1458 2041 1512 2100 ubi
1523 2059 1632 2119 magno
1641 2041 1747 2100 ardore

432 2128 663 2188 auctoritatibus
678 2127 872 2187 refertissima
891 2131 923 2186 et
937 2147 1007 2188 rere
1021 2149 1074 2188 au·
1103 2131 1202 2190 studio
1219 2149 1250 2189 se
1266 2130 1357 2199 dedit,
1374 2130 1746 2206 praesertimquaestioni·

432 2237 491 2287 rea,
507 2217 553 2281 ed.
569 2217 764 2276 inAllatii
780 2217 1074 2277 Graccicerttcdcru
1101 2220 1159 2279 bus
1182 2237 1212 2279 se
1235 2219 1382 2278 immersit
1403 2219 1440 2278 de
1462 2218 1746 2296 praedestinatione.

432 2307 500 2377 t13
526 2306 693 2380 Oousutotio
705 2306 778 2380 salsi
792 2303 870 2383 libri,
895 2325 983 2382 quem
1000 2309 1073 2366 scri·
1102 2310 1212 2368 haum
1229 2307 1336 2367 incidit
1349 2325 1487 2378 errorem,
1503 2309 1540 2367 ut
1554 2308 1748 2368 contenderet

432 2396 497 2471 psit
512 2395 790 2454 llohammedes
806 2396 903 2466 arabs,
920 2395 965 2456 ed.
977 2397 1074 2456 allai
1101 2397 1155 2457 Dei
1182 2396 1504 2474 ,praedestinationem
1530 2396 1633 2468 facere,
1667 2399 1749 2472 quod

432 2484 504 2544 bibl.
519 2502 597 2543 nova
612 2485 667 2548 PP.
682 2483 731 2555 IV,
750 2494 810 2548 321
831 2502 878 2557 ss,
899 2485 931 2543 in
946 2504 1006 2561 qua
1020 2484 1072 2544 ad·
1102 2505 1156 2547 nec
1166 2487 1253 2546 homo
1269 2485 1303 2545 ad
1321 2485 1413 2544 vitam
1424 2485 1668 2562 praedestinatus
1679 2505 1748 2563 pos·

433 2572 518 2633 ducit
531 2573 565 2632 in
582 2573 710 2650 singulis
725 2591 768 2638 cc.
782 2574 992 2633 Mohammedis
1008 2577 1072 2634 ter-
1102 2577 1143 2636 sit
1158 2576 1191 2634 in
1204 2579 1330 2636 mortem
1341 2575 1479 2644 incidere,
1497 2593 1552 2636 nec
1566 2574 1603 2634 ad
1618 2579 1749 2636 mortem

431 2665 507 2733 tum,
524 2682 613 2739 quem
627 2661 748 2725 refellit.
777 2663 820 2723 Eo
841 2663 875 2721 in
896 2681 944 2738 op,
960 2664 1075 2723 theolo·
1102 2665 1342 2742 praedestinatus
1357 2664 1422 2724 ullo
1437 2665 1524 2724 modo
1547 2681 1579 2723 se
1597 2665 1697 2740 possit
1712 2664 1749 2724 ad

432 2751 499 2830 giae
529 2752 609 2828 apud
638 2771 758 2829 graecos
789 2752 983 2812 scholasticae
1020 2771 1074 2812 sen
1103 2755 1194 2814 vitam
1220 2761 1427 2830 recuperare‘,
1460 2753 1610 2830 duplicem
1642 2753 1750 2814 distin·

433 2841 635 2917 speculativae
642 2841 800 2919 imaginem
817 2842 978 2919 genuinam
993 2843 1074 2916 aspi·
1101 2861 1197 2922 gneus
1208 2843 1518 2918 praedestinationem.
1544 2841 1618 2903 Suae
1629 2843 1749 2919 opinio·

433 2931 537 3001 cimus,
553 2933 584 2990 et
598 2930 696 3008 graeci
712 2931 824 3008 ingenii
839 2934 870 2989 et
885 2930 988 2990 docus
1003 2931 1074 2991 soli·
1102 2951 1154 2992 nes
1170 2931 1336 3008 pervarias
1352 2931 1475 2990 diffudit
1489 2933 1637 3010 regiones,
1658 2951 1750 3006 quam

433 3020 547 3094 dasque
569 3020 748 3080 subtilitatis
773 3019 892 3097 insigne
915 3021 1074 3095 specimen.
1102 3022 1140 3082 ob
1165 3039 1227 3080 rem
1252 3021 1390 3080 Rabauus
1413 3025 1518 3080 contra
1541 3039 1591 3080 ess
1614 3020 1748 3096 scripsit,

431 3108 529 3167 Habes
544 3111 708 3186 utrumqne
723 3108 836 3168 librum
850 3109 883 3167 in
899 3109 1026 3187 lligne
1042 3110 1073 3168 P.
1101 3129 1211 3186 eaeque
1223 3110 1312 3168 etiam
1323 3110 1478 3169 damnatae
1488 3110 1571 3169 fuere
1586 3110 1620 3168 in
1630 3109 1748 3186 synodo

432 3197 464 3260 G.
480 3197 536 3268 CV,
555 3207 739 3262 583-843.
769 3197 827 3256 Sed
846 3198 968 3275 scripsit
982 3198 1074 3257 etiam
1102 3200 1279 3278 moguntina
1295 3194 1398 3278 (848),
1417 3201 1448 3258 et
1463 3199 1529 3275 ipse
1544 3199 1675 3258 traditus
1691 3218 1747 3276 pro

431 3289 535 3346 contra
544 3287 665 3346 Latinos
675 3288 897 3362 deprecatrices
907 3287 1039 3363 Spiritus
1050 3307 1074 3352 s.
1102 3288 1283 3348 comestione
1298 3287 1459 3347 Hincmaro
1474 3287 1612 3348 remensi.
1644 3287 1681 3346 In
1696 3307 1749 3364 sy·

431 3395 466 3434 ex
491 3377 555 3434 solo
582 3377 676 3444 Patre,
708 3396 798 3452 quem
828 3376 849 3440 l
878 3377 968 3436 habes
992 3377 1072 3451 apud
1102 3378 1179 3438 nodo
1195 3377 1334 3437 Oarisiaci
1350 3377 1452 3436 habita
1468 3373 1561 3457 (848)
1578 3376 1638 3436 luit
1653 3377 1748 3454 depo·

430 3465 751 3541 Hergenroether
767 3467 959 3525 Monumenta
968 3485 1075 3543 graeca
1102 3467 1179 3526 situs
1197 3467 1234 3526 ob
1254 3466 1482 3544 presbyteratus
1498 3467 1634 3526 ordinem
1651 3467 1748 3526 inscio

430 3557 494 3623 etc,
512 3553 706 3632 Regensburg
726 3564 808 3618 1869
826 3575 854 3632 p.
866 3563 1028 3620 84-138.
1102 3557 1237 3632 episcopo
1259 3555 1440 3624 dioecesano,
1464 3555 1598 3615 Rothado
1614 3555 1748 3616 suessio-

1101 3645 1197 3716 nensi,
1215 3649 1399 3720 susceptum,
1423 3647 1453 3703 et
1466 3647 1612 3722 perpetuo
1628 3645 1666 3704 de
1682 3645 1748 3704 suis

477 3743 550 3798 430.
567 3735 634 3794 Jam
657 3750 712 3791 nos
729 3736 935 3793 convertamus
951 3734 987 3792 ad
1004 3734 1072 3793 Oe·
1100 3733 1292 3810 opinionibus
1309 3733 1430 3793 silentio
1445 3735 1473 3792 ei
1488 3733 1631 3809 imposito
1643 3753 1748 3794 mona-

430 3821 630 3891 eidentem‚
647 3821 701 3880 nbi
717 3823 1001 3898 pluresreperimus,
1020 3823 1073 3898 qni
1102 3824 1195 3884 sterio
1210 3823 1355 3882 inclusus.
1389 3823 1506 3899 Scripta
1527 3841 1590 3895 sua,
1617 3841 1747 3897 quorum

430 3911 467 3970 de
491 3913 581 3971 rebus
607 3911 772 3971 subtilibus
804 3912 958 3972 subtiliter
982 3913 1073 3971 etiam
1100 3914 1315 3972 accuratiorem
1339 3911 1480 3972 notitiam
1506 3931 1566 3972 non
1592 3913 1746 3984 habemus,

430 4001 630 4077 scripserunt:
661 4005 743 4060 ortae
767 4001 848 4061 euim
872 4003 947 4060 snut
970 4004 1002 4060 st
1025 4001 1074 4060 hic
1101 4001 1165 4080 igni
1185 4002 1301 4061 tradere
1323 4005 1371 4060 est
1388 4003 1503 4076 jussus,
1527 4005 1558 4062 et
1580 4003 1746 4062 secundum

430 4090 815 4160 controversiaeliterariae
833 4089 960 4149 sednon
976 4109 1073 4166 usqne
1101 4111 1123 4155 s.
1148 4090 1302 4150 Benedicti
1326 4091 1461 4168 regulam
1485 4090 1662 4152 verberibus
1687 4092 1747 4151 suit

429 4177 466 4237 ad
494 4180 626 4239 haereses
651 4182 682 4239 et
711 4179 879 4243 schismata.
918 4179 1072 4255 Ejusmodi
1100 4199 1212 4240 caesus.
1247 4179 1389 4256 Superest
1411 4179 1509 4240 adbuc
1531 4179 1643 4256 duplex
1666 4183 1747 4257 ejus·

429 4270 638 4330 controversiis
661 4268 843 4328 occasionem
869 4269 1073 4344 praebuerunt
1101 4269 1169 4328 dem
1194 4271 1342 4346 confessio,
1375 4268 1494 4328 brevior
1518 4269 1619 4340 altera,
1652 4270 1747 4328 altera

429 4357 489 4417 duo
505 4358 678 4433 praesertim
695 4357 828 4435 theologi
845 4358 1072 4417 Gotteschsl·
1100 4358 1244 4434 prolixior
1259 4358 1358 4418 verbis
1377 4358 1508 4434 turgidis
1529 4358 1561 4416 in
1584 4376 1658 4417 suae
1681 4358 1745 4436 opi·

429 4465 495 4506 cus
510 4448 573 4507 scil.
591 4451 623 4506 et
641 4446 661 4506 J
669 4465 813 4506 oannes
836 4446 974 4524 Erigone,
999 4465 1072 4521 quo·
1099 4447 1408 4508 uionisdelensionem
1419 4447 1587 4523 conscripta
1604 4443 1746 4527 (lligne

428 4555 496 4595 rum
517 4537 570 4596 ille
589 4535 827 4614 Fulgentius
853 4533 943 4614 (forte
967 4556 985 4594 a
1007 4536 1071 4594 suis
1100 4535 1196 4608 cm,
1222 4545 1383 4606 348·350;
1402 4532 1600 4616 349-366).
1625 4535 1746 4595 Babano

428 4626 548 4684 asseclis
558 4625 596 4684 ob
606 4628 794 4702 praetensam
810 4643 833 4688 s.
843 4625 1005 4702 Augustini
1021 4625 1072 4684 de·
1100 4625 1243 4684 suadente
1250 4625 1397 4685 attentius
1405 4624 1747 4686 fuitcnstoditnsrunde

428 4709 603 4797 tensionem)
625 4715 863 4792 cognominatus,
888 4714 948 4773 fnit
968 4733 1070 4774 mona·
1099 4713 1561 4790 nullseampliushabuitpartee
1578 4713 1610 4774 in
1626 4716 1746 4774 contro·

1099 4804 1196 4862 versia
1212 4807 1259 4862 sat
1273 4804 1343 4876 acri,
1359 4823 1435 4880 quae
1452 4821 1505 4879 per
1519 4803 1635 4879 aliquot
1649 4818 1744 4862 annos

1100 4893 1182 4951 inter
1204 4892 1377 4970 praecipuos
1400 4892 1490 4968 hujus
1512 4891 1655 4969 temporis
1679 4890 1743 4967 epi·

429 5008 517 5075 gare
536 5007 568 5058 jn
588 5007 712 5075 append.
725 5008 763 5060 ad
775 5024 860 5062 auum
872 5025 945 5078 opus
958 5007 1073 5078 Epium,
1100 4999 1205 5058 scopos
1226 4985 1256 5040 et
1276 4983 1432 5059 theologos
1448 4981 1501 5041 bac
1516 4981 1552 5040 de
1567 4981 1743 5057 quaestione

430 5076 516 5142 patus
529 5077 750 5130 constantiensis
764 5078 783 5142 l,
799 5085 858 5134 520.
1100 5069 1159 5129 fuit
1178 5070 1299 5148 agitata.
1331 5071 1388 5131 Vix
1410 5070 1470 5130 fuit
1491 5073 1595 5130 auctor
1616 5070 1743 5144 alicujus

429 4933 580 4988 Trinitatis
589 4937 697 5006 reperit
704 4935 852 5005 ediditque
863 4935 970 5005 Trudp.
984 4936 1010 4989 N
1019 4953 1034 4990 e
1042 4955 1073 4990 u·
