4117 5842
315 589 379 644 253
852 571 879 625 S.
892 571 1089 640 Hieronymus.
1560 587 1622 642 254

312 755 448 843 (latina);
471 761 591 820 Parisiis
617 767 790 824 reas-40
812 760 836 822 t.
862 769 900 823 13
924 759 956 818 in
983 780 1007 820 s.
1027 758 1185 829 Valeriani,
1208 757 1317 829 Rufini,
1341 757 1509 826 Gaudentii,
1533 758 1622 818 Obro-

315 861 351 919 83
381 849 488 910 multis
511 847 700 908 adminiculis
725 847 895 908 scientificis
924 850 956 908 et
982 848 1068 910 matii
1083 848 1278 924 aliorumque,
1302 847 1394 906 donee
1416 847 1549 906 nescitur
1564 866 1623 923 quo

311 939 425 1000 criticis
440 946 528 998 aucta
542 938 574 996 in
589 938 635 997 lli
644 957 715 1015 gne
730 939 762 1000 P.
772 937 805 999 G.
815 936 956 996 XLVII-—
983 937 1085 997 subito
1101 937 1223 996 turbine
1237 935 1309 995 inde
1318 937 1440 996 avulsus
1450 941 1505 1000 est.
1528 936 1624 1006 Quare

311 1027 421 1100 LXIV,
452 1027 506 1104 qui
529 1027 583 1086 illa
606 1027 698 1086 etiam
722 1025 813 1086 latine
836 1028 955 1086 tanturn
982 1045 1051 1087 eum
1072 1025 1188 1101 aliquot
1210 1025 1296 1085 sociis
1319 1023 1500 1096 Innocentio,
1523 1025 1623 1085 Helio-

311 1117 419 1178 edidit.
442 1116 591 1175 Homiliae
605 1114 955 1175 inMctthceumseorsim
982 1118 1054 1175 doro
1070 1119 1101 1175 et
1116 1115 1241 1192 Evagrio
1257 1116 1430 1191 presbytero
1447 1115 1623 1175 antiocheno

312 1205 494 1284 prodierunt
503 1223 565 1264 cur.
580 1204 659 1264 Frid.
674 1203 786 1263 Ilield
802 1204 954 1264 Onntabri-
982 1207 1071 1282 longe
1087 1204 1223 1263 institnit
1237 1223 1291 1279 per
1306 1205 1404 1264 varias
1415 1204 1544 1264 Orientis
1554 1223 1623 1281 pro·

309 1313 368 1373 gae
388 1303 472 1358 1833
487 1296 513 1357 t.
530 1301 548 1356 3
565 1293 599 1352 iu
615 1303 652 1363 8,
668 1297 700 1352 et
714 1294 792 1354 hom.
807 1295 840 1351 in
854 1310 955 1352 omnes
982 1294 1097 1354 vincias
1112 1294 1171 1352 iter
1187 1289 1226 1368 (a.
1239 1291 1316 1376 372)
1333 1297 1424 1370 atque
1436 1294 1623 1352 Antiochiam

310 1406 335 1444 s.
352 1383 601 1459 postepistolae,
620 1383 726 1442 Ononii
743 1390 916 1446 1849-55
932 1384 955 1441 t.
984 1383 1074 1442 uenit.
1105 1381 1263 1442 Sodalibus
1285 1383 1403 1443 duobus
1426 1383 1490 1442 vita
1512 1382 1623 1442 functis

313 1474 379 1538 5in
391 1482 420 1538 8.
439 1471 956 1549 Opnsculaselectaedidithomm·
983 1471 1048 1547 ipse
1058 1473 1202 1548 languore
1209 1477 1365 1547 correptus
1375 1471 1454 1547 apud
1462 1471 1623 1550 Evagrium

310 1564 372 1622 ler
401 1561 580 1622 Budolstadt
614 1568 713 1632 18403
743 1560 841 1636 coepit
870 1559 957 1619 edere
983 1561 1133 1620 remansit.
1186 1559 1228 1619 llo
1266 1564 1399 1637 tempore
1436 1561 1624 1637 frequentius

311 1669 419 1729 graece
448 1653 480 1710 et
507 1650 602 1709 latine
632 1649 803 1722 Dabam,
832 1648 956 1708 Parisiis
984 1649 1202 1725 Apollinarium
1218 1650 1363 1709 celebrem
1378 1653 1451 1709 tuuc
1466 1650 1625 1710 laodiceae

316 1749 413 1813 1861,
446 1738 498 1798 aad
528 1738 643 1814 prodiit
671 1741 791 1798 tautum
816 1738 957 1798 volumen
984 1739 1156 1815 episcopum
1172 1738 1247 1797 adiit
1261 1757 1355 1814 eoque
1371 1739 1516 1816 magistro
1539 1739 1572 1798 in
1587 1757 1624 1798 aa.

314 1830 458 1906 primum.
984 1827 1081 1887 literis
1091 1830 1231 1892 estuans.
1256 1829 1379 1888 secessit
1389 1828 1494 1887 deinde
1510 1829 1540 1886 in
1557 1829 1625 1887 hor·-

983 1916 1083 1976 ridum
1099 1917 1241 1976 Chalcidis
1265 1917 1426 1989 desertum,
1451 1916 1532 1993 quod
1557 1935 1624 1993 pro·

363 2017 435 2072 1:38.
452 2006 649 2066 Occidentalis
656 2006 805 2066 Ecclesiae
817 2005 958 2082 splendor
983 2005 1193 2082 ptereremitas
1203 2005 1329 2064 Thebais
1341 2007 1493 2066 dicebatur
1504 2007 1624 2082 syriaca,

315 2101 348 2156 et
367 2096 465 2175 gloria
485 2100 534 2156 est
556 2115 578 2155 s.
601 2095 785 2172 Sophronias
807 2095 957 2154 Eusebius
985 2094 1087 2170 ibique
1109 2095 1202 2154 vitam
1218 2095 1403 2155 eremeticam
1427 2095 1626 2173 rigidissimae

312 2187 575 2262 Hieronymus
597 2187 705 2261 ,patre
718 2184 846 2245 Eusebio
868 2187 957 2243 natus
983 2183 1625 2263 poenitentisededitamegitperquinquen·

313 2274 352 2357 (c.
366 2283 441 2346 331,
454 2276 543 2350 juxta
557 2274 737 2333 recentiores
751 2292 822 2334 vero
837 2273 958 2333 nonnisi
985 2274 1076 2332 nium.
1116 2273 1280 2342 ,Sedebam
1304 2275 1394 2346 solus,
1430 2279 1532 2334 narrat
1563 2275 1625 2351 ipse

317 2358 510 2446 349—350)
530 2363 639 2440 oppido
655 2362 813 2434 Stridonis,
837 2362 918 2438 quod
940 2382 958 2422 a
984 2381 1030 2437 ep.
1046 2362 1128 2420 XXlI
1143 2381 1172 2423 n.
1190 2373 1206 2426 7
1226 2360 1427 2446 (scorpionum
1443 2366 1562 2424 tantum
1579 2381 1625 2423 so·

314 2453 421 2512 Gothis
453 2469 591 2511 eversum
612 2452 776 2512 Dalmatiae
807 2451 957 2528 quondam
985 2451 1049 2511 cius
1074 2455 1106 2510 et
1130 2451 1285 2524 serrarum,
1316 2452 1400 2513 addit
1424 2447 1523 2536 inira),
1556 2453 1626 2529 quis

313 2541 527 2617 Panouiaeque
542 2541 704 2600 confinium
725 2538 847 2623 sulib«.
878 2539 957 2600 Ado·
985 2541 1183 2601 amaritudine
1198 2543 1330 2617 repletus
1346 2561 1433 2602 eram.
1458 2543 1627 2602 Horrebant

313 2633 430 2690 lescens
445 2649 471 2689 a.
489 2641 529 2694 20
546 2630 666 2689 Romam
681 2630 792 2689 missus
813 2632 860 2690 eet
880 2629 956 2689 libe·
985 2647 1068 2689 saoco
1093 2631 1226 2690 mambra
1256 2631 1399 2691 deformia
1429 2635 1460 2691 et
1491 2632 1626 2706 squalida

312 2720 431 2779 ralihus
452 2719 619 2796 disciplinis
642 2719 831 2789 erudiendus,
854 2718 958 2796 ibique
985 2719 1063 2778 culis
1081 2720 1172 2778 situm
1189 2714 1318 2802 (sordes)
1336 2721 1514 2797 aethiopicae
1530 2723 1626 2780 carnis

314 2809 466 2868 Donatum
481 2807 749 2868 celebratissimum
757 2807 841 2868 illius
850 2809 958 2867 aetatis
985 2809 1159 2868 obduxerat.
1177 2807 1314 2877 Quotidie
1324 2811 1477 2887 lacrymae,
1493 2810 1626 2886 qnotidie

315 2897 543 2976 grammaticum
558 2896 684 2970 audivit,
707 2897 740 2954 in
755 2899 841 2974 cnjus
858 2897 959 2956 schola
985 2897 1114 2975 gemitus
1145 2901 1176 2956 et
1207 2897 1232 2956 si
1261 2899 1379 2974 quando
1411 2903 1625 2977 repugnantem

315 2988 389 3046 adeo
412 2985 549 3062 profecit,
579 2989 617 3044 ut
641 2986 786 3045 sermonis
809 2986 959 3063 elegantia
985 3004 1108 3046 somnus
1133 2987 1291 3046 imminens
1317 2989 1520 3065 oppressisset,
1545 2988 1627 3046 nuda

314 3076 402 3135 facile
412 3076 573 3150 scriptores
583 3075 721 3150 aequales
731 3091 833 3134 omnes
843 3075 957 3136 vicerit.
986 3077 1076 3135 humo
1101 3093 1167 3135 ossa
1194 3077 1242 3135 vix
1267 3077 1419 3137 haerentia
1442 3077 1626 3137 collidebam.

315 3166 428 3224 Romae
453 3163 526 3223 dum
550 3163 672 3240 degeret
695 3163 816 3223 sedente
841 3164 958 3223 liberio
986 3166 1028 3224 Ile
1045 3165 1118 3224 cibis
1134 3184 1203 3224 vero
1219 3169 1250 3225 et
1265 3168 1339 3242 potu
1349 3169 1439 3236 taceo,
1456 3185 1524 3226 cum
1538 3167 1626 3225 etiam

316 3250 501 3335 1352-66)
530 3253 699 3329 baptizatus
729 3256 784 3323 est,
815 3253 868 3311 sed
898 3272 957 3329 quo
985 3255 1164 3332 languentes
1175 3256 1310 3314 monachi
1321 3275 1397 3332 aqna
1412 3255 1522 3334 frigida
1538 3259 1626 3315 utan-

315 3361 396 3401 anno
419 3342 584 3419 ignoratur.
615 3342 652 3400 ln
667 3341 793 3401 Galliam
807 3341 959 3417 proiectus
985 3349 1039 3404 tur
1053 3347 1084 3404 et
1100 3346 1215 3404 coctum
1229 3345 1345 3420 aliquid
1354 3346 1499 3422 accepisse
1508 3345 1627 3404 luxuria

314 3431 426 3491 comite
435 3432 556 3490 bonoso
565 3431 624 3506 ipsi
639 3432 771 3507 spueris
780 3431 959 3491 amicissimo
986 3439 1033 3492 est
1056 3437 1133 3492 eto‘
1166 3433 1261 3491 Simul
1280 3437 1381 3493 tamen
1396 3435 1545 3494 assiduam
1561 3439 1626 3493 stu·

316 3520 451 3580 Treviris
466 3519 654 3595 aliquamdiu
668 3520 816 3592 substitit,
838 3521 959 3580 Hilarii·
986 3523 1046 3582 diis
1064 3541 1086 3581 s.
1104 3523 1273 3598 Scripturae
1292 3542 1411 3600 operam
1434 3523 1516 3582 dedit
1537 3528 1627 3599 atque

314 3628 374 3686 que
390 3609 484 3668 libros
499 3607 538 3667 ad
552 3625 643 3668 nsum
652 3608 752 3668 Rufini
767 3609 960 3686 aquilejensis
987 3613 1132 3689 magistro
1162 3612 1290 3671 hebraeo
1321 3613 1467 3689 baptizato
1493 3613 1627 3691 linguam

313 3704 391 3758 tuno
406 3697 434 3757 ei
450 3697 677 3757 familiarissimi
691 3697 864 3773 descripsit:
890 3698 960 3757 inde
988 3701 1131 3760 addidicit
1145 3702 1311 3761 hebraicam
1327 3703 1441 3778 primus
1456 3703 1532 3761 forle
1550 3703 1627 3761 occi·

316 3787 490 3863 Aquilejam
505 3786 589 3857 abiit,
611 3786 715 3861 ibique
730 3787 815 3863 degit
836 3788 868 3846 in
891 3806 960 3847 oou-
988 3790 1154 3848 deutalium
1169 3793 1253 3848 tanta
1269 3791 1360 3850 animi
1375 3791 1572 3864 contentione,
1593 3793 1628 3848 ut

314 3877 412 3936 sartio
440 3874 606 3935 laetissimo
631 3875 798 3935 illustrium
827 3877 960 3936 virorum
988 3880 1025 3938 de
1050 3898 1079 3938 se
1105 3879 1141 3937 ad
1167 3879 1322 3940 Rusticum
1345 3880 1475 3940 scrihere
1493 3881 1628 3956 potuerit

988 3987 1034 4044 ep.
1053 3977 1112 4032 125
1138 3987 1162 4032 c.
1182 3978 1230 4032 12.
1262 3970 1358 4042 ,Quid
1382 3969 1425 4028 ibi
1446 3969 1558 4028 laboris
1581 3969 1627 4028 in-

354 4068 374 4134 1)
387 4063 434 4116 Ita
445 4061 507 4134 ipse
519 4063 556 4117 de
568 4079 597 4116 se
609 4061 641 4116 in
654 4063 673 4118 l.
686 4063 722 4118 de
733 4063 853 4119 virisill.
867 4081 890 4118 c.
902 4072 961 4122 135.
989 4059 1177 4133 sumpserim,
1201 4058 1274 4134 quid
1290 4059 1483 4118 sustinuerim
1500 4059 1627 4118 difficul-

314 4135 370 4190 Sed
383 4149 492 4205 ”1⁸8³ss
502 4133 580 4188 inm
591 4135 719 4190 811]ᾶῆῡὸ
738 4139 783 4190 ⁰⁸i
801 4138 961 4191 0⁰1¹ir0V01·
988 4148 1069 4217 tatis,
1086 4147 1203 4223 quoties
1221 4149 1434 4225 desperaverim
1450 4149 1628 4224 quotiesque

315 4205 961 4350 {1¹⁸5idssuffiffirssaffl{gffifflnsgffiffo
988 4236 1166 4336 accesserim
1181 4239 1212 4295 et
1221 4238 1409 4298 contentione
1420 4238 1551 4296 discendi
1560 4257 1628 4295 rur-

317 4347 523 4430 iunungafiffi
536 4349 582 4403 vel
598 4365 757 4419 cognomen
778 4368 794 4404 0
816 4349 916 4420 pidum
930 4353 961 4406 in
988 4343 1057 4384 sum
1072 4326 1240 4402 inceperim,
1266 4327 1350 4386 testis
1373 4331 1420 4386 est
1443 4326 1627 4397 conscientia,

316 4419 462 4476 Dalmabss
472 4439 479 4480 ι
488 4418 541 4473 alii
554 4418 670 4490 Sdrinja
684 4438 773 4491 prope
785 4371 960 4493 'Fergestum
987 4416 1049 4473 tam
1066 4433 1131 4473 mea
1147 4415 1199 4490 qui
1208 4434 1313 4490 passus
1324 4435 1399 4485 sum,
1415 4435 1506 4491 quam
1516 4433 1627 4481 eorum,

317 4489 514 4574 {eienfifflilm
526 4507 561 4544 ²¹
571 4489 760 4575 militique
771 4497 885 4564 ‘eperia
898 4511 961 4550 con·
989 4503 1042 4580 qui
1057 4521 1173 4564 meeum
1188 4503 1337 4564 duxerunt
1346 4506 1447 4566 vitam.
1472 4505 1511 4562 lli
1520 4504 1629 4579 gratias

313 4561 744 4696 ffluffiusffleeffifoffffi
755 4564 962 4692 Iffifflffilgelg
988 4612 1044 4669 ago
1067 4593 1202 4664 Domino,
1228 4594 1307 4669 quod
1332 4595 1367 4653 de
1392 4613 1490 4652 amaro
1516 4593 1628 4652 semine

317 4705 414 4760 minor
425 4708 470 4759 est
481 4705 675 4760 controversia
688 4705 723 4760 de
737 4723 814 4761 anno
827 4680 961 4763 nativita-
988 4683 1143 4742 hiemum
1160 4682 1260 4742 ‘1⁰1⁰OE
1275 4682 1390 4742 sumtus
1406 4690 1522 4759 αἶψα(

315 4777 363 4838 tis,
377 4792 464 4844 quem
484 4773 537 4830 alii
558 4779 665 4848 putant
684 4777 771 4833 fuisse
787 4781 848 4849 jam
861 4797 888 4834 a.
901 4786 961 4845 ³21,

316 4848 369 4902 iffi
387 4847 529 4929 lllffmt
549 4848 597 4930 *9¹
617 4850 655 4903 ‘ld
676 4865 702 4902 ²·
724 4856 785 4907 349·
811 4850 852 4905 Cs-
866 4853 901 4905 ‘¹⁰
917 4852 963 4933 ¹¹}ss
1038 4869 1109 4923 139.
1125 4859 1199 4918 Cum
1212 4860 1382 4919 Antioohiae
1397 4861 1484 4919 triste
1501 4861 1629 4920 schisma

318 4918 513 4974 erudrhssrma
543 4919 740 4992 disputantem
770 4922 900 4978 Danlro
931 4942 963 4977 sn

319 4989 386 5044 (ἥδε,
398 4989 432 5044 Ι),
446 4991 653 5060 Hieronymum
664 4992 770 5063 oppido
780 4994 963 5049 Stridoniain
990 4949 1123 5008 fidelium
1139 4955 1256 5007 coetum
1272 4948 1304 5008 in
1319 4951 1418 5026 partes
1435 4949 1583 5009 scinderet
1599 4955 1629 5008 et

319 5061 437 5132 regione
450 5063 613 5117 interamna
626 5063 783 5138 (Mumkgz)
797 5065 964 5135 Hungagae
991 5037 1207 5097 coutroversiae
1223 5039 1404 5115 theologicae
1426 5043 1539 5098 mentes
1564 5042 1628 5098 tur-

321 5148 346 5184 a,
359 5139 410 5190 331
422 5153 453 5205 p.
466 5133 533 5192 Chr.
545 5151 573 5188 n.
585 5151 654 5201 esse,
667 5135 835 5206 Mogontiae
852 5141 928 5194 1874.
990 5127 1104 5198 barent,
1131 5127 1205 5186 duas
1228 5147 1331 5187 aureae
1353 5127 1493 5205 epistolas
1510 5127 1628 5204 scripsit
