4117 5842
322 566 383 621 149
790 545 818 600 S.
831 545 957 602 &silius
970 543 1163 601 caesariensis.
1569 567 1630 620 150

318 734 440 794 landem
465 734 533 792 Bas.
556 752 586 794 n
611 743 662 804 33,
687 733 818 794 monitor
842 734 963 811 probus,
992 753 1064 810 pom
1089 733 1253 794 incidisti‘
1293 733 1440 794 Revorram
1466 733 1634 810 praefectus

319 823 487 900 opitulator
495 821 677 896 commodus,
684 822 854 884 diocorum
862 841 964 883 oraco-
992 821 1030 882 od
1052 823 1259 900 imperatorem
1275 822 1362 900 eique
1377 821 1528 882 missionis
1543 824 1633 886 ratio·

320 913 420 973 lorum
449 911 616 988 interpres,
647 930 748 972 rorum
782 913 964 990 agendarum
991 931 1061 972 aem
1079 911 1215 982 reddens,
1241 913 1436 988 ,imperatos
1461 911 1570 988 inquit,
1596 912 1634 972 ab

318 1003 582 1077 praemormtrator,
605 1001 769 1061 senectutis
785 1000 963 1072 subsidium,
991 1002 1083 1079 hujus
1098 1001 1245 1060 Ecclesiae
1268 1001 1404 1062 sanctita
1425 1001 1633 1062 victi-scmus.

318 1089 388 1150 fidei
403 1089 630 1162 adminiculum,
647 1090 875 1150 domesticorum
891 1090 962 1150 fide·
992 1090 1081 1151 llinis
1091 1090 1292 1167 superiorsst,
1308 1089 1498 1152 sermonibus
1509 1091 1631 1160 firmior,

318 1179 462 1250 tissimus,
484 1181 677 1240 externorum
698 1178 802 1239 adres
818 1180 963 1257 gerendas
992 1179 1151 1240 verborum
1179 1178 1335 1238 blanditiis
1361 1178 1473 1240 tortior.
1506 1180 1631 1256 ignavo·

317 1267 526 1344 aptissimus‘
560 1267 659 1338 Quam
681 1289 707 1328 a
732 1277 795 1332 368
815 1268 965 1328 dirissima
990 1288 1058 1328 rum
1067 1268 1145 1328 alins
1155 1268 1303 1344 quispiam
1312 1267 1476 1330 tentandus
1486 1272 1547 1336 est;
1564 1269 1633 1328 huic

318 1359 435 1435 vigeret
449 1357 608 1420 &semeso
621 1357 724 1429 fames,
740 1358 963 1428 haereditatem,
991 1361 1093 1417 autom
1107 1360 1161 1417 eut
1176 1357 1223 1418 vis
1235 1359 1335 1434 aperte
1345 1356 1562 1427 interendsest,
1580 1360 1633 1418 aut

317 1465 396 1523 quse
410 1447 440 1505 ei
455 1465 492 1508 ex
507 1447 612 1507 matris
622 1447 784 1507 Emmeliae
798 1449 895 1508 morte
908 1447 961 1508 ob·
990 1464 1052 1506 non
1064 1445 1307 1523 exspectandum,
1328 1451 1365 1506 ut
1379 1446 1468 1506 minis
1485 1444 1631 1526 cedstllf‘

315 1538 451 1607 venerat,
471 1536 790 1612 pauperum-subsidio
806 1536 963 1614 impendit.
990 1536 1064 1596 Eum
1094 1554 1165 1613 ergo
1196 1535 1275 1596 muri
1300 1536 1384 1596 aenei
1408 1535 1503 1596 instar
1526 1554 1556 1594 ss
1580 1553 1632 1611 op·

316 1625 467 1686 Defuncto
488 1624 618 1686 Eusebio
637 1620 732 1707 (370).
752 1626 817 1702 ipss
839 1625 873 1686 in
895 1643 962 1686 snc-
989 1625 1125 1702 posuerit
1140 1624 1401 1685 innovationibus.
1414 1625 1631 1700 fraudibusque

314 1731 465 1776 cessorem
485 1717 535 1784 est
554 1715 671 1774 electus
691 1733 753 1774 non
771 1719 871 1775 tamen
886 1716 963 1774 citra
989 1714 1169 1776 manorum
1194 1714 1381 1790 aliorumque
1406 1715 1631 1784 haereticorum,

314 1802 445 1864 aliornm
467 1803 732 1866 contradictionem
755 1809 787 1863 et
810 1823 834 1862 a.
849 1824 873 1863 s.
889 1805 960 1864 (irs-
989 1803 1349 1864 fidemnioaenomverbis
1365 1804 1546 1880 scriptisque
1561 1821 1630 1878 pro·

312 1892 401 1970 gorio
411 1911 480 1952 nau
495 1893 592 1953 amico
608 1910 663 1957 suo
678 1893 833 1954 ordinatus
847 1897 901 1953 est
925 1894 961 1952 In
989 1893 1179 1972 pugnaverit,
1196 1894 1338 1952 notantes
1354 1894 1386 1952 in
1402 1892 1460 1952 fide
1475 1891 1629 1952 confirma·

313 1981 493 2042 candelabro
514 1983 632 2058 positus
649 1982 799 2042 omnibus
813 1983 962 2058 praeluxit
990 1983 1075 2053 verit,
1092 1981 1241 2042 discordes
1257 1982 1294 2042 sd
1311 1981 1497 2043 concordiam
1513 1999 1628 2057 pacem·

312 2071 462 2146 exemplo,
478 2069 654 2148 disciplinae
670 2071 887 2132 ecclesiasticae
902 2072 961 2131 init
989 2090 1047 2147 que
1063 2089 1199 2132 revocare
1215 2071 1255 2130 sit
1278 2070 1362 2131 nisus
1378 2071 1516 2131 omnibus
1530 2070 1630 2130 omnia

312 2158 568 2232 studiosissimus,
585 2160 652 2236 psci
662 2160 961 2238 componendaecnm
988 2161 1096 2232 tactus,
1112 2160 1170 2237 ipsi
1187 2163 1256 2236 post
1271 2179 1294 2224 s.
1309 2161 1507 2221 Athanasium
1524 2159 1629 2219 Orione

314 2247 442 2325 collegis
462 2248 493 2307 in
514 2249 688 2325 episcopatu
703 2250 795 2310 variis
811 2249 961 2310 decausis
989 2249 1167 2326 praeprimis
1198 2248 1287 2310 debet
1323 2250 1477 2312 victoriam
1511 2249 1629 2308 demum

312 2337 961 2416 turbataesollicitamimpenditoperam,de
988 2342 1058 2416 post
1079 2339 1237 2398 diuturnas
1259 2357 1425 2416 gravesque
1450 2356 1568 2417 pugnas
1594 2338 1630 2396 tle

313 2426 505 2486 reformando
524 2428 604 2487 clerc
622 2428 779 2499 sollicitus,
798 2428 961 2505 hospitium
988 2427 1145 2487 ananim
1176 2428 1325 2504 variisque
1356 2428 1489 2505 ejusdem
1519 2425 1629 2504 formis.

314 2516 421 2593 egenis
438 2519 469 2574 et
478 2516 644 2594 peregrinis
655 2516 844 2593 excipiendis,
862 2518 960 2594 lepro-
989 2516 1073 2577 Obiit
1095 2517 1237 2578 Kalendis
1260 2517 1396 2578 Jcnnarii
1421 2537 1438 2576 o
1465 2527 1537 2586 379,
1562 2535 1629 2576 cum

314 2605 356 2664 sis
369 2603 894 2682 curandisemplissimuminstituit,
909 2608 959 2666 sed
988 2609 1108 2666 tantum
1124 2607 1233 2683 spiritu
1248 2606 1353 2667 vivens
1372 2611 1489 2684 praeter
1511 2623 1578 2666 ossa
1600 2611 1631 2664 et

313 2694 465 2770 inprimis
474 2694 555 2754 zelus
564 2695 630 2770 ejus
638 2694 760 2766 exarsit,
775 2698 812 2754 nt
826 2695 961 2755 obviaret
988 2696 1098 2772 pellem
1122 2695 1207 2755 nuHa
1228 2699 1381 2772 praetereo
1399 2694 1529 2772 corporis
1545 2699 1629 2770 parte

313 2786 361 2843 tot
375 2783 476 2854 malis,
489 2803 577 2860 quae
599 2783 734 2860 undique
756 2803 791 2844 er
806 2785 907 2844 turbis
922 2787 959 2845 ab
988 2789 1122 2844 constare
1138 2784 1298 2855 videretur,
1316 2785 1413 2862 rigida
1428 2785 1528 2855 ascesi,
1546 2783 1629 2842 labo·

312 2873 474 2932 haereticis
496 2873 593 2932 omnis
615 2874 742 2950 generis,
770 2875 958 2946 nitrionis,
987 2873 1074 2934 ribus
1099 2892 1154 2950 pro
1180 2891 1269 2932 causa
1293 2873 1347 2932 Dei
1372 2875 1403 2932 et
1426 2873 1629 2950 proximorum

313 2962 518 3033 Semianianis,
549 2961 777 3034 Macedonianis,
802 2964 958 3040 Apollina-
987 2963 1083 3024 saluts
1100 2962 1255 3039 susceptis,
1280 2980 1413 3022 moerore
1429 2963 1466 3022 cb
1483 2965 1530 3020 tot
1545 2979 1628 3020 scan-

310 3051 399 3110 ristis
421 3053 477 3110 etc
504 3051 537 3110 in
559 3051 720 3111 Ecclesiam
742 3052 959 3114 redundabant.
986 3053 1055 3111 dala
1077 3056 1108 3111 st
1129 3052 1214 3122 mala,
1240 3050 1351 3126 quibus
1367 3051 1501 3112 Ecclesia
1515 3051 1628 3126 astlige·

310 3140 520 3216 Imperterrita
535 3139 713 3200 tortitudine
728 3141 889 3201 resistebat
900 3141 957 3202 Ve-
987 3141 1084 3213 batur,
1095 3143 1298 3217 consumptus,
1309 3140 1424 3200 meritis
1435 3141 1550 3217 plenus.
1561 3137 1630 3197 Fuit

311 3229 389 3289 lenti
405 3229 479 3305 imp.
502 3247 558 3289 sus
572 3232 720 3308 potestate
735 3231 868 3306 turpiter
883 3232 958 3291 abn-
984 3227 1120 3308 insignis
1131 3229 1297 3308 theologus,
1314 3248 1403 3291 verus
1413 3229 1559 3290 Ecclesiae
1576 3227 1628 3286 do·

310 3318 403 3388 tenti,
428 3322 466 3377 nt
480 3318 684 3380 Arianismum
709 3320 822 3395 ubique
847 3320 958 3381 diffnn·
986 3322 1058 3392 ctor,
1075 3323 1227 3396 pastorum
1236 3319 1393 3395 exemplar,
1403 3319 1551 3379 virtutum
1561 3335 1627 3393 spe·

311 3408 406 3467 deret.
439 3407 516 3466 Nam
540 3426 609 3468 cnm
632 3408 684 3468 ille
700 3409 867 3468 Modestum
890 3428 959 3486 pro·
986 3409 1098 3482 culum,
1122 3426 1288 3486 pauperum
1303 3411 1334 3467 et
1350 3407 1552 3484 indigentium
1567 3407 1627 3466 sol·

311 3496 431 3556 vinciae
459 3497 641 3573 praefectum
672 3498 708 3556 sd
732 3499 878 3558 Basiliam
904 3499 959 3557 mi·
986 3497 1089 3558 licitus
1104 3500 1198 3575 pater,
1218 3497 1350 3572 prudens
1365 3497 1445 3557 vitae
1462 3496 1627 3574 spiritualis

312 3586 421 3655 sisset,
453 3585 507 3662 qui
531 3585 680 3647 bonorum
701 3587 958 3665 proscriptionem,
986 3587 1149 3665 legislator,
1174 3586 1315 3663 liturgiae
1331 3585 1516 3656 reformator,
1539 3603 1628 3662 quem

311 3674 462 3745 exsilium,
487 3676 638 3736 cruciatus
652 3676 810 3752 ipsamque
824 3680 958 3748 mortem,
986 3679 1147 3756 propterea
1176 3678 1263 3754 grate
1294 3676 1453 3752 posteritas
1479 3676 1632 3752 ,Magnis

311 3765 345 3822 ni
368 3764 522 3823 voluntati
542 3765 731 3841 imperatoris
753 3765 878 3837 cederet,
902 3767 958 3825 mi·
987 3766 1121 3826 encomio
1137 3765 1315 3824 honestavit.

314 3854 484 3913 niteretur:
507 3853 555 3924 ,si
577 3853 650 3930 quid
674 3852 756 3914 aliud
777 3854 884 3926 habes,
913 3875 958 3915 re-

310 3943 418 4018 posuit
437 3941 551 4019 placide
572 3943 713 4015 Basilius,
737 3943 768 4002 id
791 3943 879 4004 nobis
902 3943 959 4003 mi·
1035 3953 1084 4008 78.
1110 3943 1348 4004 Praeclarissimc
1373 3946 1445 4003 sunt
1470 3944 1546 4001 tanti
1572 3942 1629 4001 viri

311 4032 420 4091 nitere.
452 4031 569 4090 Horum
584 4033 674 4103 enim,
690 4052 766 4109 quoe
782 4051 958 4093 commemo·
986 4052 1083 4110 opere.
1107 4032 1189 4092 inter
1203 4031 1397 4109 polemico
1412 4031 1546 4091 eminent
1561 4033 1589 4095 ll.
1608 4031 1635 4089 V

310 4121 397 4190 rasti,
421 4120 498 4179 nihil
521 4137 576 4180 nos
590 4122 715 4199 attingit
731 4167 738 4181 .
755 4166 784 4182 ..
813 4120 959 4191 Quoniam
987 4123 1126 4182 adversae
1140 4121 1318 4181 Eunomium
1335 4139 1358 4180 c.
1375 4141 1400 4180 a.
1415 4131 1476 4186 363
1494 4122 1627 4191 vs1364‚

310 4210 460 4269 bonorum
485 4209 695 4288 proscriptioni
726 4211 872 4271 obnoxius
898 4230 959 4272 non
986 4212 1017 4270 in
1041 4210 1152 4288 quibus
1175 4210 1266 4270 diluit
1288 4212 1457 4270 omanorum
1480 4211 1569 4270 tricas
1593 4211 1628 4270 de

311 4304 366 4369 est,
391 4298 447 4375 qni
468 4298 545 4357 nihil
563 4299 660 4371 habet,
684 4299 744 4360 nisi
760 4300 837 4360 forte
852 4300 958 4360 laceris
985 4301 1107 4361 notione
1125 4299 1262 4378 ingeniti,
1287 4300 1627 4360 consubstantialitatem

311 4393 342 4447 et
357 4385 480 4448 detritis
496 4387 575 4448 hisce
584 4389 692 4466 pannis
701 4390 819 4466 indiges
835 4408 869 4450 ac
883 4409 957 4467 psu-
985 4390 1055 4450 Filii
1079 4394 1109 4450 et
1135 4408 1157 4450 s.
1174 4389 1304 4467 Spiritus
1320 4389 1510 4450 divinitatem
1526 4393 1629 4448 contra

311 4477 355 4536 cis
372 4476 495 4547 libellis,
518 4477 551 4536 in
572 4478 684 4554 quibas
706 4496 809 4537 omnes
825 4479 899 4538 mihi
914 4480 957 4538 la·
985 4479 1223 4540 adversariorum
1234 4478 1418 4538 subtilitates
1428 4481 1542 4538 tuetur.
1555 4477 1628 4536 (lum

311 4566 443 4625 cultates
468 4569 548 4630 snut.
580 4567 728 4628 Exsilium
752 4570 853 4627 antem
877 4568 957 4628 haud
986 4568 1086 4628 desint
1101 4569 1132 4629 ll.
1150 4577 1168 4632 4
1185 4571 1216 4628 et
1232 4577 1249 4632 5
1267 4567 1339 4627 limo
1355 4570 1385 4626 et
1400 4566 1556 4636 accuratio,
1583 4567 1627 4624 ri·

312 4673 469 4733 cognosco,
480 4654 534 4730 qni
543 4656 628 4716 nullo
638 4657 704 4716 loco
714 4656 957 4737 circumscriptus
985 4657 1074 4718 detur
1099 4657 1172 4716 viris
1197 4657 1307 4716 criticis
1330 4674 1433 4716 eorum
1456 4654 1627 4733 genuinitas

312 4753 402 4804 snm‘
419 4746 476 4803 etc.
492 4787 501 4802 .
517 4788 524 4803 .
541 4788 549 4802 .
574 4744 638 4815 Quo
662 4764 797 4806 sermone
813 4745 956 4823 obstupe·
986 4748 1092 4807 saltem
1102 4746 1209 4806 dubia:
1227 4745 1391 4821 conjiciunt
1406 4744 1508 4820 aliqui,
1525 4762 1575 4802 eos
1592 4763 1627 4804 ex

311 4833 409 4892 tactim
426 4832 610 4909 praefectus:
636 4833 761 4906 ,Nemq
784 4835 894 4911 inquit,
910 4854 957 4894 me
984 4909 1082 4915 ..--.-.
1095 4909 1131 4913 -.

310 4922 347 4980 ad
363 4923 559 5023 hm⁰.u⁸qu⁰
575 4921 655 4983 diem
670 4923 722 4996 Μ’
738 4941 793 4983 nee
810 4925 873 5001 pari
890 4944 955 4986 Μ’
1023 4973 1042 5035 ¹)
1059 4971 1101 5023 ltc
1127 4970 1213 5022 refert
1238 4987 1259 5023 s.
1283 4969 1492 5039 Gregorius
1512 4985 1572 5022 naz.
1596 4965 1626 5022 in

312 5011 423 5112 ΜΨ
436 5011 577 5114 lumem-1⁰·
591 5015 639 5072 est
662 5014 820 5114 almum&
852 5013 956 5088 Neque
1004 5039 1178 5095 ulcherrimc
1198 5057 1238 5096 or.
1259 5045 1294 5097 43
1313 5039 1344 5095 in
1365 5058 1386 5093 s.
1399 5039 1501 5095 Basilii
1514 5039 1627 5094 laudern

311 5119 402 5172 emm,
427 5103 470 5159 art
485 5101 624 5172 Basrhns,
647 5101 773 5162 fortasse
795 5122 827 5161 rn
841 5103 955 5178 episco·
1024 5112 1083 5167 bitu
1098 5130 1124 5168 u.
1139 5118 1174 5168 48
1187 5129 1222 5167 ss.
