4117 5842
1605 586 1648 644 lX

341 766 523 827 recensendo
546 766 668 828 scholae
689 785 707 825 a
729 784 750 828 0.
767 767 908 827 Anselmo
925 760 957 847 (†
977 762 1074 848 1109)
1097 766 1134 825 ad
1156 765 1315 825 concilium
1338 784 1433 842 usque
1449 764 1648 823 tridentinum

336 873 498 951 theologos.
530 874 572 934 110
587 891 647 949 000
662 876 763 933 tamen
779 872 901 933 consilio
916 873 1004 933 liceat
1018 874 1160 933 lectorem
1176 892 1304 943 monere,
1321 875 1357 932 ut
1372 873 1497 949 aequius
1513 871 1656 943 efformet,

332 979 490 1056 judicium,
501 982 676 1042 intentionis
686 984 805 1041 0001000
815 1000 876 1041 000
891 981 993 1053 fuisse,
1009 1000 1113 1041 omnes
1129 986 1279 1059 quotquot
1294 982 1391 1041 medio
1408 1000 1480 1041 asro
1495 981 1648 1041 doetrinae

335 1087 412 1147 fama
426 1089 622 1149 inclaruerint
636 1108 787 1149 recensere
803 1088 972 1167 theologos:
990 1089 1046 1149 hoo
1058 1090 1138 1149 enim
1152 1089 1264 1149 infiniti
1279 1088 1389 1148 fnisset
1403 1089 1514 1148 laboris
1529 1088 1647 1147 minus·

336 1211 394 1268 que
409 1198 446 1254 ut
460 1195 546 1255 nobis
562 1194 682 1255 ridetur
696 1195 798 1255 utilis:
822 1195 875 1254 sed
890 1214 939 1255 eos
954 1216 1025 1272 pras
1041 1191 1154 1275 primis,
1180 1214 1309 1271 quorum
1325 1194 1443 1254 labores
1458 1194 1495 1254 ud
1511 1197 1647 1270 posteros

334 1301 416 1377 typis
432 1302 556 1362 fuerunt
571 1302 746 1362 transmissi.
777 1299 863 1371 Quod
886 1302 911 1361 01
934 1304 1123 1379 quorundam
1145 1302 1271 1363 aliorum
1295 1302 1527 1386 meminerimus,
1543 1320 1646 1360 eorum

335 1409 436 1467 tamen
450 1408 572 1468 nomina
585 1409 618 1469 in
633 1408 751 1469 tabellis
767 1427 828 1469 non
844 1412 1069 1487 comparebunt,
1092 1429 1191 1487 nsque
1213 1428 1316 1469 eorum
1339 1428 1428 1485 opera
1443 1408 1647 1485 manuscripta

334 1514 367 1571 10
381 1532 482 1573 rerum
498 1533 552 1575 seu
567 1517 755 1575 materiarum
772 1515 879 1580 indice.
909 1518 1074 1577 Auctorum
1095 1535 1177 1588 vero,
1200 1534 1329 1593 quorum
1350 1515 1533 1575 mentionem
1557 1514 1645 1575 tacie-

336 1640 410 1692 mus,
426 1641 464 1682 ne
479 1622 629 1701 integrum
645 1627 797 1702 exspectes
813 1641 937 1701 operum
954 1624 1147 1703 (ineditorum
1164 1619 1351 1706 praesertim)
1360 1622 1539 1701 catalogum,
1549 1642 1648 1699 neque

335 1747 452 1788 omnem
467 1729 504 1789 de
519 1730 592 1807 ipsis
607 1731 809 1792 literaturam:
835 1733 909 1793 hanc
934 1733 1014 1792 euim
1039 1732 1125 1792 facile
1149 1732 1278 1809 reperies
1304 1732 1422 1808 copiose
1446 1731 1600 1790 collectam
1614 1729 1646 1789 10

336 1836 542 1897 Ohevalier
565 1838 733 1913 Ripertoire
748 1842 797 1899 des
813 1842 936 1901 Sourees
950 1842 1124 1919 historiques
1137 1842 1179 1900 du
1194 1838 1298 1917 Moyen
1313 1842 1384 1917 Age,
1401 1839 1497 1899 Pariis
1518 1848 1644 1904 18⁷7-

340 1952 421 2009 1886
448 1946 478 2003 01
501 1946 534 2004 10
557 1946 690 2023 eJ'usdem
707 1948 900 2025 Supplimcni,
927 1948 967 2007 ib.
988 1956 1080 2012 1888.
1110 1948 1216 2006 Pateor
1237 1966 1356 2024 quoqne
1377 1965 1425 2005 me
1447 1947 1554 2022 majori
1568 1946 1646 2006 forle

335 2051 493 2129 diligentia
508 2053 545 2112 de
561 2054 633 2114 viris
650 2054 745 2115 doctis
761 2056 857 2133 egisse
873 2056 1011 2116 ordinum
1026 2055 1210 2131 regularium
1227 2074 1317 2130 quam
1327 2054 1399 2114 cleri
1409 2053 1558 2125 secularis,
1576 2072 1646 2114 saue

334 2176 395 2217 non
409 2159 542 2235 partium
558 2160 668 2233 studio,
685 2161 737 2221 sed
754 2162 835 2238 quod
850 2161 885 2221 de
901 2162 962 2221 illis
978 2161 1076 2221 fontes
1092 2161 1218 2220 literarii
1233 2159 1358 2220 uberius
1381 2161 1476 2219 fluant
1497 2178 1587 2235 quarn
1609 2160 1645 2220 de
1713 2220 1716 2224 .

335 2264 391 2335 his,
407 2264 460 2339 qui
476 2266 600 2325 seorsim
615 2266 645 2326 01
660 2285 721 2327 000
736 2269 833 2328 veluti
849 2270 882 2327 10
897 2268 1010 2327 familia
1026 2268 1162 2327 urentes
1178 2267 1297 2327 facilius
1313 2267 1376 2326 dati
1391 2267 1476 2327 tuere
1492 2265 1644 2328 oblivioni.

334 2370 407 2429 Oum
422 2372 543 2431 011000
558 2372 794 2435 Nomeuclatcris
809 2380 933 2453 partem,
950 2376 1011 2435 Deo
1026 2377 1167 2453 propitio,
1184 2378 1339 2452 01000000
1354 2374 1569 2435 absolverimus
1593 2375 1646 2434 ad-

334 2478 410 2551 iecto
424 2478 577 2555 prioribus
592 2472 693 2540 tribus
715 2484 805 2542 tomis
821 2486 929 2559 quarto
951 2484 1037 2560 isque
1059 2484 1140 2544 haud
1162 2483 1266 2561 paucis
1287 2501 1348 2543 non
1370 2501 1475 2559 parum
1500 2482 1644 2552 arriserit,

333 2585 430 2644 multa
441 2586 504 2661 jam
519 2606 573 2647 nos
589 2588 744 2666 urgebant,
769 2592 806 2650 ut
821 2590 965 2650 ultimum
980 2591 1189 2652 adhiberemus
1206 2594 1354 2661 conatum,
1381 2609 1441 2666 quo
1457 2589 1577 2651 demum
1593 2590 1645 2649 ab·

333 2694 514 2755 solveremus
522 2714 608 2773 opus,
625 2696 781 2756 elenchum
797 2696 859 2761 scil.
876 2698 1008 2757 omnium
1018 2699 1227 2776 theologorum
1236 2697 1447 2757 catholicorum
1457 2698 1551 2755 totius
1561 2716 1645 2756 aerae

334 2798 522 2865 christianae.
546 2801 643 2873 Quare
658 2821 766 2863 novam
777 2803 841 2880 jam
858 2804 1050 2882 aggredimur
1065 2804 1234 2874 editionem,
1252 2804 1339 2880 cujus
1355 2806 1377 2861 t.
1393 2802 1416 2865 l.
1432 2804 1647 2880 complectatur

333 2904 489 2984 theologos
504 2927 521 2966 a
536 2910 671 2986 tempore
687 2910 890 2988 apostolorum
906 2930 1003 2987 usque
1018 2911 1056 2970 ad
1072 2929 1096 2969 s.
1112 2910 1298 2981 Anselmum,
1315 2928 1383 2968 oum
1398 2908 1430 2968 hi
1446 2908 1543 2968 adhuc
1559 2909 1643 2968 dess-

334 3014 409 3073 ssnt.
440 3011 550 3073 Verum
574 3014 654 3074 hunc
676 3015 806 3075 laborem
828 3016 992 3077 reddebant
1007 3017 1217 3076 difficillimum
1240 3020 1271 3075 et
1286 3033 1333 3074 ars
1349 3015 1459 3085 critica,
1477 3033 1552 3090 qnae
1568 3015 1667 3074 circa*

333 3120 509 3182 celebriores
525 3126 660 3182 auctores
676 3123 816 3200 antiquos
832 3123 893 3183 iere
909 3143 1010 3184 omnes
1027 3125 1185 3184 innumera
1200 3127 1300 3183 movet
1315 3123 1407 3182 dubia
1424 3118 1559 3205 (consule
1576 3141 1643 3199 spe·

334 3227 451 3286 eiminis
467 3229 565 3305 gratia
586 3230 759 3288 Ehrhard
782 3230 837 3289 Die
859 3230 1014 3291 altchristl.
1029 3232 1182 3292 Literatur
1204 3230 1267 3289 und
1289 3230 1353 3289 ihre
1368 3228 1572 3305 Erforsehung
1589 3228 1647 3286 s'eit

336 3344 430 3404 1880,
453 3336 598 3413 Freiburg
621 3336 1229 3411 101101894ςο001884-1900,11.
1256 3333 1363 3420 1900),
1387 3340 1419 3396 01
1442 3336 1549 3413 iugens
1575 3334 1645 3393 inde

333 3442 431 3519 pelagi
451 3442 547 3502 instar
569 3443 738 3503 inexhausti
753 3445 891 3504 00010010
906 3462 1089 3520 unoquoque
1110 3445 1255 3521 scriptore
1276 3444 1442 3516 literatura,
1465 3445 1497 3502 01
1511 3440 1644 3520 rigidum

334 3554 436 3609 nostra
450 3552 547 3609 aetate
563 3550 695 3611 virorum
711 3551 898 3610 eruditorum
914 3551 950 3610 de
966 3551 1053 3610 libris
1068 3551 1309 3629 bibliographiois
1321 3550 1479 3628 judicium.
1503 3549 1582 3608 Hinc
1596 3566 1644 3608 co·

333 3660 423 3716 natus
438 3656 616 3735 magnitudo
640 3660 671 3717 et
695 3658 856 3718 difficultas
881 3660 1040 3738 exigebant
1064 3660 1204 3720 editionis
1230 3659 1404 3719 dilationem
1430 3658 1462 3717 in
1484 3675 1586 3726 annos,
1609 3660 1645 3715 ut
1718 3659 1721 3663 ’

333 3762 530 3823 bibliothecae
545 3765 714 3825 accuratius
730 3766 852 3825 interim
867 3770 1085 3837 excuterentur,
1108 3767 1205 3825 fontes
1219 3767 1316 3826 adhuc
1330 3766 1433 3843 plures
1450 3766 1644 3824 consuleren-

332 3877 394 3943 tur,
411 3876 568 3933 auotorum
589 3876 733 3945 veterum,
758 3873 870 3949 quide
893 3874 940 3933 die
962 3875 994 3934 in
1016 3874 1093 3933 diem
1117 3894 1133 3933 e
1156 3874 1288 3934 tenebris
1312 3876 1471 3943 eruuntur,
1495 3871 1643 3931 editiones

333 3981 589 4056 exspectarentur:
605 3997 709 4038 verum
726 3982 864 4039 senectus
880 3984 1050 4057 exspectare
1059 3980 1173 4055 nequit,
1189 3999 1244 4039 uec
1259 3999 1403 4039 annorum
1419 3978 1563 4037 decennia
1578 3978 1643 4053 pol-

332 4086 415 4147 liceri
431 4086 495 4147 sibi·
505 4087 612 4163 potest.
644 4086 756 4146 Solatio
772 4087 862 4146 etiam
885 4088 970 4147 00110
992 4087 1061 4159 1011,
1078 4088 1208 4146 laborem
1233 4087 1397 4163 plurimum
1414 4085 1520 4156 minui,
1538 4085 1644 4144 saltem

333 4212 429 4269 usque
444 4193 482 4252 ad
498 4192 631 4253 seculum
648 4194 817 4271 septimum,
840 4194 972 4255 virorum
995 4194 1182 4271 quorundam
1198 4194 1439 4253 doctissimorum
1465 4193 1575 4253 studiis
1591 4193 1645 4252 ed·

333 4300 454 4359 modum
470 4300 625 4370 accuratis,
643 4300 763 4375 quibus,
780 4303 816 4359 nt
830 4301 910 4378 grati
926 4300 1062 4373 fatemur,
1080 4300 1240 4376 diligenter
1255 4318 1359 4359 sumus
1374 4301 1432 4370 usi,
1456 4300 1537 4375 quod
1552 4300 1645 4358 lector

334 4426 369 4466 ex
384 4407 534 4485 frequenti
557 4425 660 4465 eorum
683 4408 861 4484 allegatione
883 4407 969 4467 facile
992 4409 1141 4485 agnoscet.
1174 4406 1270 4477 Quare
1286 4407 1322 4466 sb
1338 4426 1443 4466 eorum
1467 4405 1642 4465 nominibus

333 4513 522 4573 recensendis
538 4512 586 4571 hio
600 4513 838 4590 supersedemus.

423 4623 565 4699 Superest
578 4622 615 4680 01
630 4620 662 4679 10
678 4622 767 4697 hujus
790 4622 982 4697 praelationis
1005 4622 1063 4682 fine
1085 4623 1231 4682 nonnulla
1254 4620 1440 4691 adnotemus,
1464 4619 1575 4696 quibus
1598 4638 1643 4677 re·

334 4730 530 4805 spondeamus
545 4729 736 4805 quorundum
760 4729 890 4788 virorum
914 4730 1069 4789 doctorum
1092 4729 1227 4788 censuris
1250 4731 1352 4788 000100
1367 4728 1466 4804 ipsum
1483 4745 1558 4802 opus
1574 4744 1644 4803 pro·

334 4835 412 4895 latis.
442 4834 610 4912 Displicent
625 4835 779 4894 nonnullis
799 4845 825 4897 1.
842 4834 939 4894 cordis
955 4837 1052 4894 nostri
1067 4834 1234 4912 angustiae,
1260 4836 1509 4909 quesanctorum
1525 4830 1643 4890 acatho-

333 4942 459 5003 licorum
475 4960 528 5002 seu
544 4942 758 5001 haereticorum
781 4941 845 5001 fieri
867 4943 1048 5001 mentionem
1071 4959 1132 5001 non
1152 4941 1313 5017 patiantur.
1345 4941 1400 5000 Sed
1418 4940 1470 5016 qui
1487 4938 1645 5015 profitetur

334 5050 591 5111 Nomenclelorem
601 5069 631 5109 se
641 5050 782 5108 daturum
793 5050 958 5127 theologiae
975 5048 1204 5121 catholicae,
1220 5051 1255 5107 ut
1269 5048 1334 5124 ipse
1349 5066 1419 5123 prae
1436 5047 1535 5106 seiert
1545 5046 1643 5122 operis

334 5156 450 5229 titulus,
466 5156 613 5233 quomodo
629 5155 816 5216 enumerabit
838 5160 869 5215 et
890 5155 1026 5215 laudabit
1048 5154 1180 5232 ejusdem
1205 5154 1410 5213 aduersarios?
1442 5153 1515 5222 Quis
1531 5153 1564 5211 iu
1579 5153 1643 5212 bio·
