4117 5842
319 574 378 634 731
830 591 834 597 .
910 557 1039 612 Photiue
1274 561 1277 568 '
1566 575 1627 632 782

310 746 460 806 indefesso
484 745 618 804 excoluit
640 744 752 818 studio,
776 735 850 804 edso
872 743 956 803 utin
971 738 1144 825 'annales¹).
1173 742 1297 806 Interim
1327 745 1454 804 Photins
1476 744 1629 822 ingentem

310 836 452 896 omnibus
467 836 602 896 versatus
612 837 692 894 esset
699 832 866 911 disciplinis
874 833 957 893 ideo·
983 832 1114 892 ostendit
1128 834 1318 906 industriam,
1334 836 1370 893 ut
1386 833 1465 894 sedis
1475 834 1628 892 suoedile·

310 943 371 1001 que
394 923 492 983 multa
514 940 689 1000 componere
713 923 846 1000 potnerit
868 939 957 999 opere
983 925 1062 982 teret
1076 923 1299 1001 praerogativas
1315 925 1347 984 et
1362 923 1560 998 splendorem,
1577 942 1629 982 an·

309 1032 381 1073 sane
402 1013 494 1072 ntilie
500 1009 534 1094 ¹).
563 1012 677 1072 Taresii
701 1012 851 1088 quondum
864 1013 957 1088 patri·
984 1030 1092 1089 sesque
1107 1013 1255 1073 inveniret
1269 1011 1630 1090 firmendaesciesicnisa

310 1102 416 1162 achas
430 1119 576 1178 pronepos
585 1104 657 1174 erat,
665 1101 861 1163 nobilissimis
870 1105 956 1161 ortus
984 1101 1053 1160 sede
1069 1103 1231 1179 apostolica
1251 1102 1426 1179 excogitatis
1447 1101 1538 1160 variis
1554 1100 1629 1161 dcc·

310 1187 349 1274 (c.
366 1186 445 1274 820)
460 1191 643 1267 perentibus,
660 1191 714 1268 qni
728 1210 783 1268 pro
797 1190 878 1250 avite
899 1189 957 1249 fide
983 1191 1080 1250 trinas
1111 1191 1345 1268 disciplinaeque
1369 1190 1527 1267 cepitibu's,
1552 1190 1629 1267 quae

308 1281 347 1339 ab
360 1280 562 1340 iconomachis
582 1282 773 1344 multesnnt
786 1279 875 1357 pessi.
900 1280 956 1340 Ju·
984 1273 1097 1339 Latinis
1112 1281 1311 1358 exprobraret.
1328 1280 1385 1340 Sed
1400 1297 1438 1340 en
1447 1295 1552 1338 rursus
1561 1299 1628 1339 mn-

311 1374 469 1429 rentntem
483 1370 633 1448 transegit
654 1369 794 1430 discendo
810 1369 956 1430 docendo·
983 1372 1067 1428 tatur
1090 1371 1155 1446 ojus
1180 1370 1308 1430 fortuna
1342 1369 1489 1430 Defuncto
1519 1369 1629 1428 Besilio

308 1477 369 1536 que
382 1459 556 1534 multosque
571 1460 695 1518 attraxit
703 1459 872 1535 discipulos.
884 1459 954 1518 dum
983 1459 1042 1519 Leo
1058 1457 1182 1536 Sapiens
1197 1458 1305 1532 dictus,
1321 1460 1386 1535 sjns
1402 1457 1551 1534 quondam
1567 1458 1629 1518 dis-

309 1565 380 1626 ergo
395 1547 690 1608 nobilissimeeessst
703 1548 841 1616 familiae,
858 1567 955 1608 meae·
983 1548 1110 1625 cipulns,
1127 1549 1319 1608 eum-iterum
1336 1547 1476 1624 dsposuit
1491 1549 1580 1624 atque
1596 1547 1629 1607 in

308 1651 376 1696 reae
397 1636 504 1709 affinis,
528 1639 620 1710 atque
643 1636 805 1715 diligenter
818 1639 955 1698 excultus
983 1639 1199 1698 monesterium
1214 1637 1359 1716 relegerit
1375 1630 1476 1718 (886),
1493 1654 1552 1712 quo
1568 1635 1628 1697 ful-

309 1725 468 1802 splendida
482 1726 609 1802 adeptus
625 1726 717 1785 estin
733 1728 802 1786 enla
815 1745 954 1788 munere:
982 1727 1063 1788 mine
1078 1728 1173 1787 veluti
1189 1727 1300 1786 fractus
1324 1725 1452 1786 decessit
1474 1743 1497 1785 c.
1513 1744 1538 1783 a.
1555 1734 1628 1800 891,

309 1814 370 1874 fnit
390 1813 471 1874 enim
493 1814 759 1891 protospatharius,
782 1817 955 1892 imperatori
978 1819 1067 1895 juxte
1081 1817 1156 1876 elios
1174 1825 1248 1894 897,
1265 1817 1338 1892 quin
1354 1815 1408 1875 illo
1424 1815 1630 1891 quinquennio

308 1903 424 1979 primns
445 1923 464 1962 a
487 1903 619 1963 consiliis
634 1907 725 1980 etque
741 1908 867 1964 senator.
898 1906 956 1966 Ds-
983 1927 1054 1966 suue
1085 1906 1226 1966 navitatis
1257 1906 1354 1966 veluti
1383 1905 1505 1964 innatus
1531 1905 1629 1964 ullum

305 1994 386 2068 jacto
401 1992 522 2070 Ignetio
535 1993 601 2069 ipss
623 2011 711 2070 opera
724 1995 838 2054 Burdee
853 1995 955 2055 deese·
982 1996 1068 2056 deret
1081 1995 1210 2072 emplius
1225 1995 1379 2055 indicium.

308 2082 351 2142 ris
366 2082 481 2141 electus
504 2081 551 2142 sat
570 2081 602 2142 in
617 2082 814 2159 patriercham
838 2085 956 2161 paucis·

308 2190 369 2248 qne
384 2170 491 2230 diebus
499 2189 600 2230 omnes
615 2172 749 2248 suscepit
763 2191 862 2232 semus
878 2174 956 2233 ordi·
1030 2183 1104 2238 426.
1120 2173 1222 2233 Photii
1237 2191 1327 2250 opero
1337 2173 1461 2233 collecte
1469 2189 1628 2249 cooperen-

308 2279 362 2320 nes
377 2254 482 2342 (857).
512 2261 624 2320 Verum
639 2252 958 2322 Nicolans1.hanc
982 2264 1068 2323 tibus
1084 2263 1113 2322 J.
1129 2264 1162 2322 B.
1179 2263 1305 2322 Ilelou
1326 2265 1357 2321 et
1382 2261 1445 2326 los.
1460 2262 1627 2339 Hergen·

308 2349 487 2410 electionem
501 2351 637 2419 cesserit,
654 2353 686 2410 et
700 2353 858 2428 postquam
873 2352 956 2411 Besi·
984 2351 1122 2412 rdthsr
1144 2351 1321 2428 prodierunt
1343 2352 1374 2410 in
1397 2351 1524 2426 lligne
1546 2352 1578 2414 P.
1594 2353 1627 2411 G.

309 2439 372 2498 lius
397 2438 519 2498 ldecedo
542 2451 669 2517 regnum
693 2439 777 2512 adiit,
803 2441 958 2518 depositus
988 2446 1008 2504 t.
1024 2441 1157 2512 (ll-clv,
1178 2441 1385 2517 supplementa
1400 2439 1524 2516 preebst
1539 2441 1628 2500 Her·

309 2529 374 2606 ipse
404 2531 452 2586 est
481 2531 572 2604 etque
593 2528 754 2588 restitutus
777 2547 801 2589 a.
821 2531 958 2608 lgnetius
985 2531 1201 2607 genrdther
1238 2529 1432 2590 Monumente
1462 2549 1568 2607 graeca
1591 2529 1629 2589 od

311 2610 413 2699 (867).
443 2616 516 2675 Post
531 2617 622 2692 liujus
637 2635 708 2677 vero
723 2621 848 2678 mortem
865 2616 958 2701 (877)
988 2620 1125 2680 Plotium
1143 2620 1268 2696 ejusque
1284 2617 1439 2678 historiam
1453 2621 1627 2696 spectantia,

309 2707 420 2766 iterum
431 2704 558 2782 adeptus
566 2706 717 2768 estsedem
724 2708 958 2783 patriarchalem.
986 2708 1187 2768 Retisbonnes
1207 2717 1289 2770 1869
1301 2709 1332 2767 et
1340 2708 1484 2784 quaedem
1501 2708 1626 2768 minoris

309 2796 405 2855 Nisus
422 2794 543 2871 quidem
554 2794 690 2854 estsedis
700 2797 879 2872 apostolicae
889 2815 956 2857 con·
986 2797 1129 2856 momenti
1137 2796 1330 2871 A.Pepado
1339 2797 1404 2873 pnl
1414 2814 1450 2856 os
1467 2797 1627 2858 Keremsus

309 2885 397 2961 sequi
421 2883 663 2960 approbationem
686 2875 859 2962 legatosque
888 2904 957 2963 apo·
987 2887 1018 2944 in
1035 2885 1105 2945 fuso.
1131 2885 1282 2945 societatis
1306 2886 1440 2946 russicee
1464 2885 1628 2961 palestinae

309 2974 433 3034 stelicos
449 2973 563 3032 eetntia
577 2991 635 3033 ana
648 2973 766 3051 decepit
781 2975 899 3052 sibique
915 2974 958 3034 fa·
985 2981 1007 3033 t.
1015 2976 1117 3046 XXXI,
1127 2975 1308 3052 Petersburg
1320 2987 1329 3037 l
1339 2983 1411 3038 892.
1419 2974 1537 3034 Potiora
1547 2979 1627 3035 sunt:

310 3065 415 3123 ventes
440 3061 578 3133 reddidit,
603 3062 647 3122 ite
669 3065 706 3121 ut
727 3061 858 3124 Joennes
880 3064 957 3124 VIII.
985 3065 1190 3140 Amphilochia
1206 3065 1327 3122 collectio
1343 3064 1407 3129 scil.
1416 3063 1628 3140 quaestionum

308 3156 433 3230 paratus
448 3156 527 3212 esset
551 3152 609 3211 snb
632 3152 721 3211 certia
736 3153 958 3213 conditionibus
986 3151 1083 3232 (ultra
1093 3149 1181 3233 300),
1198 3153 1459 3230 qnasprsesertim
1474 3152 1626 3229 Amphi-

309 3259 378 3300 enm
395 3258 564 3318 agnoscere,
589 3240 642 3300 sed
665 3241 789 3301 meliora
804 3242 926 3301 edoctus
941 3263 959 3300 a
985 3243 1142 3302 lochins
1159 3241 1453 3318 Cyzioimetropolita
1463 3236 1546 3324 (hinc
1556 3244 1627 3302 Am·

308 3330 426 3390 larino
444 3329 597 3401 cardinali,
613 3330 666 3408 qui
676 3330 827 3391 illinsviri
840 3331 959 3392 frendes
985 3331 1153 3407 philochiee
1168 3331 1338 3407 inscriptio)
1353 3331 1412 3406 ipsi
1419 3335 1552 3408 tempore
1559 3336 1626 3391 tsn-

308 3419 385 3480 bene
409 3423 541 3490 noverat,
564 3418 721 3479 anatliema
740 3420 775 3480 iu
799 3439 868 3479 eum
884 3420 960 3479 dixit
985 3421 1134 3480 tutionem
1162 3415 1267 3504 (primi
1283 3415 1393 3504 exsilii)
1418 3420 1573 3496 proposuit
1596 3424 1628 3481 st

310 3505 348 3590 (a.
366 3508 460 3583 881):
476 3511 507 3567 et
520 3508 630 3568 merito
637 3507 768 3584 quidem,
777 3527 846 3569 nem
853 3510 957 3588 genni-
985 3508 1465 3588 ipsesolrit.Diversiseimientem
1477 3509 1628 3571 ordinissc

310 3616 379 3656 nam
394 3597 491 3675 ipsius
506 3596 658 3674 pontilicis
683 3597 803 3657 literam
819 3617 957 3675 suppres·
986 3601 1105 3678 generis
1122 3603 1195 3658 sunt
1210 3602 1433 3676 argumentoso
1449 3597 1481 3658 in
1497 3617 1542 3675 op.
1559 3619 1626 3676 per·

310 3690 562 3762 seretnovamque
572 3686 706 3758 fiunem,
715 3686 747 3747 in
758 3707 817 3762 que
825 3673 958 3764 pontifex
986 3693 1122 3748 tractato.
1132 3687 1626 3749 Trestamenclessesdissertetio·

309 3775 513 3835 summissum
523 3775 665 3835 laudibus
673 3776 882 3853 prosequitur:
897 3777 958 3836 imo
987 3797 1058 3838 num
1076 3775 1146 3838 licet
1162 3777 1357 3854 distinguere,
1374 3795 1503 3852 querum
1521 3788 1548 3841 l.
1564 3797 1626 3838 om·

310 3867 340 3923 et
354 3883 391 3924 ax
416 3864 512 3941 capite
535 3882 590 3924 sno
614 3864 742 3924 finxerat
765 3869 832 3925 ecta
853 3867 959 3942 synodi
986 3868 1069 3927 nium
1094 3866 1242 3927 ditissime
1265 3867 1489 3943 exegeticus
1514 3870 1545 3926 et
1561 3867 1626 3927 her·

310 3954 523 4026 oecumenicae,
547 3972 582 4012 eo
603 3955 723 4013 tentum
744 3953 811 4024 line,
828 3959 865 4014 nt
879 3973 957 4015 conc.
986 3955 1625 4032 meneuticcscomplectiturdisquisitiones,

309 4041 492 4102 oecumenici
507 4042 585 4104 VIII.
606 4043 739 4102 aboleret
753 4045 958 4104 auctoritatem
988 4055 1017 4108 2.
1033 4045 1142 4123 dogm
1153 4044 1285 4116 uticus,
1313 4054 1341 4108 3.
1357 4043 1477 4103 demum
1501 4045 1626 4120 pbilo-

309 4134 340 4190 et
353 4131 461 4202 omnia,
478 4151 554 4206 qnae
569 4135 673 4190 centn
681 4132 780 4209 ipsum
790 4133 862 4192 olim
872 4152 957 4193 oeno·
987 4134 1097 4210 sophi
1107 4132 1626 4210 eae,mythologices,gremmeticss

308 4220 375 4280 nice
395 4229 463 4279 acta
480 4221 611 4291 fuerent,
635 4221 828 4280 rescinderet
858 4223 958 4281 Falsa·
986 4226 1017 4282 et
1031 4223 1190 4282 nonnullas
1204 4223 1369 4285 historicus.
1402 4221 1503 4280 Utitur
1518 4222 1551 4280 in
1566 4241 1625 4282 res·

307 4309 389 4368 rinm
404 4309 512 4369 Photio
534 4309 723 4369 eudeniorem
744 4313 775 4369 et
798 4311 958 4386 impndsn-
985 4312 1181 4389 pensionibus
1191 4310 1625 4387 libenteroperibusPolycbro·

308 4399 416 4458 tiorem
432 4399 553 4458 nullum
568 4403 802 4459 commemorent
809 4400 958 4460 Ecclesiae
985 4402 1037 4472 nii,
1055 4401 1156 4477 Oyrilli
1171 4401 1253 4468 ulex,
1270 4399 1407 4459 Germani
1419 4399 1483 4472 GP„
1501 4399 1626 4459 Joennis

985 4489 1166 4560 Damasceni,
1183 4489 1215 4548 in
1231 4489 1335 4565 primis
1345 4488 1528 4559 Theodoreti,
1539 4507 1555 4548 e
1565 4506 1624 4564 qno

348 4621 487 4695 ,merito
500 4625 597 4678 tamen
618 4622 956 4678 nofflhrharffi
987 4589 1027 4643 32
1046 4580 1116 4638 diss.
1142 4577 1328 4638 adverbum
1354 4576 1536 4636 transcribit.
1567 4578 1625 4636 Eue

309 4693 357 4758 IX,
370 4694 459 4751 2087:
483 4693 606 4749 Photius
625 4693 798 4765 Bedeutung
817 4695 860 4747 ele
880 4693 957 4747 eines
984 4669 1098 4744 absqlffl
1113 4667 1218 4728 0rdl¹¹0
1234 4670 1264 4727 ⁰l
1279 4666 1417 4726 melh⁰d⁰
1440 4669 1512 4725 flunt
1526 4665 1625 4743 ‘5³9⁰'

309 4765 418 4820 'Ibeolo
440 4781 477 4818 en
499 4765 539 4818 ist
560 4767 605 4820 oft
625 4765 808 4820 uberschutzt
831 4766 956 4819 worden.
985 4757 1070 4828 sitae,
1094 4757 1221 4815 diversis
1237 4755 1423 4830 temporibus
1439 4755 1476 4814 ed
1492 4755 1625 4815 erudito·

308 4836 394 4891 ΜΗΘ
415 4838 431 4917 i,
451 4835 635 4908 80108ίῦ0ιιθίι
648 4835 957 4907 9088ωωῦ88888θῦ
984 4864 1051 4904 rum
1079 4845 1242 4904 amicorum
1265 4845 1399 4919 quaesite
1431 4845 1624 4922 conscriptes,

308 4909 409 4963 uenen
422 4907 476 4960 rhn
487 4910 573 4963 anter
585 4906 649 4962 Joh.
665 4924 721 4963 von
731 4907 886 4961 Damascus
896 4907 955 4962 und

307 4979 403 5034 lassen
416 4976 471 5032 mit
482 4977 573 5033 denen
588 4979 638 5033 dcs
651 4978 793 5033 Maximus
806 4978 957 5034 confessor
983 4989 991 4992 ·

309 5051 377 5176 osllcr
385 5050 536 5176 hLeontius
557 5066 614 5105 sou
637 5049 748 5118 Bymnz
771 5050 874 5105 Iscinen
889 5051 954 5104 Ver·
983 5054 1041 5178 01¹)
1055 5049 1099 5178 Cfi
1109 5051 1198 5123 praef.
1211 5049 1242 5104 in
1255 5067 1321 5122 opp.
1334 5050 1431 5106 Photii
1445 5051 1488 5106 ed.
1502 5050 1575 5122 Mig
1584 5067 1625 5104 ne

307 5138 384 5192 gele
418 5138 464 5177 811.
1030 5143 1059 5194 p.
1101 5170 1107 5183 ,
