4117 5842
314 607 379 660 997
810 587 836 642 S.
851 586 952 642 Petrus
964 587 1130 643 Damianos.
1561 607 1623 666 998

314 775 454 836 Bessis
478 793 506 851 p.
522 775 536 833 I
551 795 579 851 p.
597 784 647 838 49.
678 773 812 837 Ot-Hist.
829 775 874 834 lit
891 775 954 847 Vll,
983 774 1080 834 carnis
1096 775 1234 836 stimulos
1249 776 1462 853 exstingueret
1488 777 1623 854 Denique

316 873 503 928 587-595.
520 897 563 910 -
579 863 955 942 Addimuspropterargu-
983 864 1116 924 excussis
1147 865 1252 924 mnudi
1277 865 1405 924 vinculis
1427 865 1508 924 inter
1532 865 1624 924 sontis

314 953 411 1014 menti
426 953 602 1014 affinitatem
627 953 826 1013 Samonsm
850 971 955 1031 gazen-
983 953 1120 1014 Avellani
1150 953 1291 1013 eremitas
1319 954 1496 1013 sanctiorem
1516 955 1623 1032 degere

314 1060 377 1102 sem
394 1043 427 1101 in
443 1041 802 1119 Palaestinaepiscopnm‚
818 1043 957 1118 quicirca
983 1043 1077 1102 vitam
1092 1043 1202 1102 statuit
1225 1038 1262 1125 (c.
1279 1063 1303 1102 a
1325 1037 1433 1126 1035)·
1463 1044 1623 1120 Postquam

312 1127 956 1212 1100000000(1056)οἰ0000001000000000
984 1131 1101 1192 sodales
1116 1132 1206 1191 etiam
1225 1131 1256 1191 in
1280 1131 1346 1191 aliia
1369 1133 1521 1192 coenobiis
1544 1132 1624 1192 vitae

312 1221 487 1280 achmetem
510 1221 687 1280 Saracennm
711 1219 748 1279 de
770 1221 955 1283 eucharistia
985 1221 1074 1280 verbo
1089 1224 1121 1280 et
1135 1222 1269 1297 exemplo
1284 1221 1478 1293 instituisset,
1504 1222 1540 1280 ad
1556 1240 1626 1282 snos

315 1310 421 1369 'lbtins
445 1309 477 1368 in
500 1313 605 1380 coest,
623 1311 659 1369 nt
680 1311 787 1386 probet
801 1329 909 1386 panem
924 1327 957 1370 00
983 1310 1624 1387 reversusAvellauitarnmfamiliaepraeses

313 1399 421 1458 vinum
445 1415 498 1474 per
522 1398 685 1460 sacerdotis
709 1400 956 1461 consecrationem
984 1399 1123 1477 elegitur.
1143 1399 1236 1458 'fotus
1252 1399 1392 1458 incubuit
1405 1400 1548 1475 exemplo,
1559 1418 1624 1459 ver-

314 1507 421 1549 rerum
436 1505 501 1546 esse
518 1492 548 1546 et
564 1486 715 1566 integrum
732 1506 956 1564 00ῳο000000-
983 1487 1031 1547 bis
1056 1492 1089 1548 et
1110 1487 1230 1565 scriptis
1256 1489 1336 1566 apud
1361 1506 1431 1548 suos
1454 1507 1626 1565 promovere

310 1577 438 1654 guinem
454 1577 590 1636 Domini:
622 1577 658 1636 00
675 1576 756 1654 qnod
771 1577 957 1638 suadendum
984 1577 1064 1636 ritae
1080 1577 1261 1638 monasticas
1287 1577 1423 1637 studium
1447 1580 1533 1637 tanto
1557 1593 1646 1654 pror

314 1665 559 1727 mohammedano
579 1665 699 1744 ¹homiui
725 1666 824 1726 hebeti
839 1685 874 1726 sc
888 1666 957 1726 rudi
985 1665 1073 1736 fectu,
1099 1670 1135 1726 ut
1159 1667 1207 1725 sni
1232 1667 1345 1726 ordinis
1370 1666 1445 1725 alter
1469 1684 1577 1742 parens
1593 1685 1626 1726 ac

310 1755 460 1831 exemplis
485 1754 584 1814 0000οτ
607 1754 740 1832 apprime
765 1755 957 1834 congruenti·
974 1755 1178 1834 praecipnum
1193 1756 1316 1815 babitus
1331 1755 1372 1815 sit
1387 1758 1603 1814 ornamentum.

313 1845 381 1906 bns,
400 1845 471 1906 Eam
478 1843 713 1919 disputationem
725 1844 815 1903 babes
828 1846 860 1904 in
875 1844 957 1904 Gal·

312 1933 425 1992 laudi
450 1935 507 1992 ret
532 1933 589 1990 PP.
611 1931 689 1994 Bibl.
711 1932 786 2004 xlv,
812 1943 873 1997 225
902 1952 957 2005 ss.;
1034 1943 1107 1997 559.
1123 1933 1180 1993 Sed
1195 1932 1438 1992 nonsolumsnis
1453 1936 1485 1992 et
1499 1933 1625 1995 aliarum

311 2022 443 2100 Migue
464 2022 495 2082 P.
512 2022 544 2080 G.
560 2021 641 2093 CXX,
671 2031 885 2088 1061-1068
902 2026 957 2084 etc.
985 2021 1168 2082 familiarum
1190 2021 1349 2090 coenobiis,
1370 2040 1475 2080 serum
1490 2026 1522 2080 et
1536 2023 1625 2082 uariis

986 2112 1171 2172 dioecesibus
1204 2130 1292 2187 qnam
1315 2111 1481 2186 plurimum
1512 2111 1627 2186 profuit

361 2209 437 2264 558.
454 2199 594 2262 Omnium
603 2202 706 2260 tamen
714 2201 892 2277 praecipuus
901 2202 957 2262 bu·
986 2201 1193 2260 sanctissimus
1207 2200 1269 2261 virs
1295 2200 1356 2259 imo
1380 2201 1417 2260 de
1432 2201 1628 2260 restauranda

307 2291 363 2366 jus
379 2287 525 2365 temporis
551 2288 709 2367 theologus
732 2293 822 2365 atque
838 2291 959 2367 speciali
987 2289 1627 2366 disciplinaecclesiasticaadsoubiquecol-

315 2377 469 2437 mentione
501 2376 696 2455 dignissimus
727 2383 773 2438 est
804 2397 828 2438 s.
850 2379 957 2439 Petrus
986 2380 1070 2456 lapsa
1084 2379 1181 2455 deque
1203 2378 1402 2455 exstirpandis
1426 2379 1563 2450 simonis,
1578 2379 1626 2437 in·

314 2465 491 2526 Domisui
507 2465 656 2525 Ecclesiae
664 2467 773 2539 doctor,
782 2487 870 2544 quem
880 2468 958 2528 Deus
986 2468 1172 2528 continentia
1193 2469 1320 2544 aliisque
1342 2467 1414 2526 oleri
1436 2467 1520 2526 vitiis
1537 2487 1625 2544 quam

314 2556 380 2626 ,sic
406 2556 461 2614 boc
486 2553 724 2632 deploratissimo
749 2557 859 2628 seculo,
890 2576 957 2617 cnm
985 2557 1204 2634 impensissime
1240 2556 1301 2616 tuit
1333 2556 1493 2615 sollicitus:
1536 2575 1628 2634 quare
1691 2574 1693 2577 ·

314 2644 497 2704 excrevisset
525 2644 562 2703 00
586 2644 746 2704 Ecclesiam
776 2646 957 2706 obruendam
986 2647 1154 2724 Stephanus
1168 2646 1217 2705 IX.
1239 2665 1308 2704 enm
1331 2646 1419 2721 plane
1435 2645 1564 2705 invitum
1581 2648 1626 2704 at·

311 2733 466 2793 diluuium
478 2733 585 2804 carnis,
597 2733 679 2793 dedit
689 2734 957 2805 mundontauste·
986 2755 1046 2812 que
1077 2736 1276 2794 reluctantem
1305 2735 1338 2793 iu
1368 2734 1482 2794 virtute
1506 2739 1626 2794 0000000

313 2821 438 2882 sissimo
454 2824 532 2880 vitae
548 2824 682 2899 exemplo
707 2824 851 2900 verbique
873 2843 958 2901 prae·
986 2824 1172 2884 obedientiae
1189 2823 1367 2884 cardinalem
1390 2823 1503 2881 creavit
1517 2826 1549 2882 et
1562 2824 1625 2900 epi·

315 2912 465 2972 dicatione
480 2916 512 2971 st
527 2912 649 2986 scriptis
669 2911 829 2973 exsiccaret
842 2916 957 2973 tantam
987 2931 1111 2990 scopum
1128 2914 1288 2972 ostiensem
1305 2906 1426 2993 (1057).
1444 2911 1522 2970 Hinc
1536 2911 1627 2988 piein

315 3000 506 3076 putredinem
537 2999 708 3078 pariterque
732 3007 881 3079 pugnaret
905 3003 957 3062 ad·
986 3022 1030 3079 ep.
1041 3003 1241 3061 adNioolaum
1251 3001 1289 3062 11.
1305 3019 1359 3060 seu
1374 3017 1471 3084 opusc.
1486 3011 1524 3064 19
1536 3001 1626 3076 praef.

314 3090 957 3167 0000000100010001000000000,0000001-
986 3092 1169 3167 Stephanum
1201 3109 1290 3150 sunm
1325 3089 1443 3150 vocarit
1488 3107 1626 3166 persecu-

313 3198 376 3255 que
402 3179 534 3237 locorum
559 3180 750 3256 grassabatur
771 3181 894 3256 impune
902 3177 956 3264 ¹)ss
984 3183 1089 3251 torem,
1120 3182 1152 3240 st
1177 3179 1414 3240 Hildsbrandum
1437 3178 1625 3249 cardinalem,

315 3269 416 3327 Natus
433 3271 480 3340 est
502 3269 608 3327 Petrus
632 3269 765 3328 honestis
791 3270 842 3330 sed
858 3271 958 3330 tenuis
987 3269 1067 3345 quod
1092 3270 1170 3329 votis
1194 3269 1232 3328 de
1256 3268 1416 3346 repetenda
1436 3285 1533 3326 eremo
1556 3285 1626 3326 con·

315 3357 453 3417 fortunae
468 3357 811 3432 parentibusltavennae
830 3371 958 3424 1000-
986 3359 1080 3435 ceptis
1104 3358 1297 3436 pertinaciter
1324 3361 1429 3434 postea
1450 3355 1627 3428 obstitisset,

319 3456 415 3511 1007.
441 3449 576 3506 Amatne
592 3465 766 3507 numerosae
781 3448 876 3524 prolis
891 3468 957 3525 per·
986 3450 1134 3518 ,sanctum
1150 3450 1301 3507 satanam!
1334 3449 1359 3506 Δ
1380 3445 1512 3506 romanis
1526 3446 1627 3522 ponti-

313 3539 400 3595 taess
414 3535 563 3610 abjicitur,
575 3535 626 3594 sed
637 3537 814 3596 domesticae
824 3537 956 3598 mulieris
984 3535 1092 3596 ficibus
1107 3555 1193 3613 saepe
1207 3536 1360 3596 adbibitus
1374 3539 1422 3595 est
1435 3536 1468 3594 in
1485 3534 1626 3594 difficilli-

316 3643 407 3700 opera
422 3625 584 3686 semivivus
604 3627 745 3702 exceptus
760 3626 900 3702 genitrici
921 3628 958 3686 ad
986 3627 1042 3686 mis
1065 3626 1205 3704 negotiis.
1237 3627 1284 3684 Ita
1306 3645 1323 3684 0
1345 3624 1467 3684 Nicolao
1486 3625 1523 3683 11.
1546 3623 1627 3702 (cnm

316 3713 514 3772 humanitatis
523 3731 643 3776 sensum
651 3719 803 3774 revocatae
813 3716 957 3776 redditur.
986 3710 1265 3799 Anselmolucensi)
1281 3713 1627 3774 adrenovandameccle·

315 3803 451 3878 Utroque
466 3809 590 3879 parente
606 3803 727 3863 orbatus
738 3807 889 3879 tamquam
899 3805 957 3865 vile
986 3805 1061 3863 siam
1072 3804 1333 3873 mediolanensem,
1351 3804 1451 3878 inqua
1465 3803 1516 3862 vix
1532 3822 1627 3863 unum

317 3890 500 3968 mancipium
531 3891 587 3951 sub
612 3909 716 3968 aspera
738 3892 838 3951 fratris
861 3894 958 3952 tutele
985 3913 1019 3952 ex
1036 3894 1151 3953 clericis
1159 3893 1279 3970 reperit,
1296 3893 1425 3968 quinon
1441 3895 1495 3950 000
1510 3890 1627 3951 ordines

317 3979 423 4040 duram
439 3982 571 4040 exercuit
586 3981 760 4041 servitutem
782 3984 873 4057 etque
888 4001 956 4059 pas·
985 3981 1093 4040 collato
1117 3983 1213 4059 pretio
1238 3984 1437 4059 comparasset
1464 3983 1518 4039 ent
1541 3981 1627 4039 foede

314 4067 421 4128 condis
436 4073 533 4144 porcis
549 4069 703 4143 adbibitus
719 4074 772 4130 est.
798 4072 884 4130 Alter
897 4071 956 4130 fra·
985 4070 1162 4130 feminarum
1187 4070 1402 4130 consuetudine
1425 4086 1458 4128 se
1482 4069 1626 4128 00000100-

317 4162 363 4218 ter
380 4159 541 4218 Damianos
566 4159 664 4218 dietus
681 4160 746 4235 ejus
765 4159 907 4218 misertus
924 4159 957 4219 in
985 4162 1095 4221 nasset.
1126 4159 1205 4218 Hinc
1229 4160 1261 4218 in
1284 4161 1349 4236 ejus
1371 4158 1501 4218 adventu
1524 4161 1626 4217 tantae

318 4247 373 4305 filii
389 4248 488 4308 locum
505 4248 625 4307 habuit:
642 4249 720 4320 hinc,
732 4252 767 4308 00
776 4249 878 4324 plnres
889 4269 957 4310 cen·
985 4251 1068 4308 ortae
1082 4249 1188 4308 turbae
1203 4252 1234 4306 et
1249 4247 1409 4317 tumultus,
1423 4250 1460 4305 nt
1481 4246 1560 4306 vitae
1580 4247 1626 4305 in·

318 4339 394 4407 sent,
411 4336 606 4413 gratitudinis
617 4355 703 4398 causa
713 4339 849 4398 Damiani
859 4333 958 4420 (justa
985 4341 1118 4397 caneret
1132 4337 1313 4414 pericnlum:
1339 4337 1390 4395 sed
1405 4337 1470 4411 ipse
1485 4335 1563 4393 nihil
1579 4337 1626 4394 fn·

317 4425 392 4485 alios
425 4423 598 4509 Damianos)
629 4428 726 4486 voluit
748 4428 957 4503 cognominari.
987 4446 1052 4486 rore
1067 4426 1173 4503 populi
1188 4426 1366 4501 perterritus
1382 4425 1425 4484 its
1441 4423 1539 4483 sobrie
1554 4444 1626 4500 pru-

317 4515 385 4573 Jam
410 4515 517 4574 studiis
548 4533 666 4591 operam
691 4516 761 4575 dare
792 4517 901 4592 potuit,
924 4516 958 4576 in
986 4516 1091 4576 denter
1112 4515 1278 4590 leniterque
1301 4516 1488 4590 exasperatos
1513 4514 1627 4572 animos

319 4603 430 4678 quibus
445 4603 517 4664 adeo
533 4604 667 4682 prolecit,
690 4609 727 4664 ut
751 4625 858 4683 magne
872 4607 957 4665 endi·
985 4604 1134 4676 tractavit,
1156 4604 1319 4682 utlagatio
1335 4605 1399 4680 ejus
1415 4603 1508 4662 laetos
1522 4603 1628 4662 tnlerit

318 4695 418 4757 torum
434 4692 601 4769 frequentis
617 4695 733 4754 scholas
756 4696 819 4772 ipse
835 4714 958 4772 aperne-
985 4695 1110 4754 fructus.
1149 4693 1230 4763 Quae
1253 4693 1365 4751 ibidem
1389 4693 1539 4769 peregerit
1563 4691 1627 4767 ipse

318 4781 367 4840 rit.
384 4782 497 4842 Exinde
512 4784 611 4860 coepit
619 4784 734 4844 divitiis
750 4789 780 4844 00
796 4784 958 4844 bonoribus
985 4783 1072 4843 nobis
1094 4785 1213 4842 enarrat
1235 4799 1335 4858 opusc.
1359 4793 1376 4845 5
1400 4781 1479 4840 intra
1499 4781 1627 4843 0000000.

317 4870 445 4942 affluere,
463 4873 514 4932 sed
530 4877 561 4932 et
577 4874 696 4932 sedare
712 4874 825 4945 habuit,
842 4875 877 4933 00
893 4891 956 4933 cor·
986 4872 1186 4932 Alexandrum
1202 4872 1239 4936 ll,
1258 4871 1376 4949 egregie
1391 4870 1508 4946 adjuvit
1523 4870 1627 4928 sdver-

320 4978 375 5036 pns
391 4961 500 5021 rationi
517 4961 659 5022 subderet
669 4965 759 5038 atque
769 4963 958 5040 insurgentes
986 4980 1038 5021 sus
1055 4961 1212 5021 cadaloum
1227 4958 1522 5038 pseudopontificem,
1538 4978 1626 5035 quem

317 5081 478 5094 --
986 5051 1065 5112 datis
1088 5051 1125 5110 00
1148 5069 1217 5109 enm
1236 5049 1331 5109 literis
1346 5048 1477 5126 graviter
1492 5047 1628 5123 increpat

359 5157 376 5222 ¹)
390 5152 433 5204 lta
447 5150 634 5207 baronius
647 5152 683 5204 ad
697 5167 722 5204 a.
737 5155 815 5208 1072.
986 5144 1017 5200 et
1032 5140 1069 5198 ad
1084 5158 1186 5199 sanam
1201 5140 1340 5199 reducere
1355 5140 1484 5197 mentem
1508 5136 1626 5214 satagit,

1411 5239 1459 5293 32'
