<?xml version="1.0" encoding="UTF-8"?>
<!DOCTYPE html PUBLIC "-//W3C//DTD XHTML 1.0 Transitional//EN"
    "http://www.w3.org/TR/xhtml1/DTD/xhtml1-transitional.dtd">
<html xmlns="http://www.w3.org/1999/xhtml" xml:lang="en" lang="en">
 <head>
  <title>
</title>
<meta http-equiv="Content-Type" content="text/html;charset=utf-8" />
  <meta name='ocr-system' content='tesseract 3.04.00' />
  <meta name='ocr-capabilities' content='ocr_page ocr_carea ocr_par ocr_line ocrx_word'/>
</head>
<body>
  <div class='ocr_page' id='page_1' title='image "./nomenclatorlite02hurtgoog/nomenclatorlite02hurtgoog_0103.png"; bbox 0 0 4117 5842; ppageno 0'>
   <div class='ocr_carea' id='block_1_1' title="bbox 333 544 1641 626">
    <p class='ocr_par' dir='ltr' id='par_1_1' title="bbox 333 544 1641 626">
     <span class='ocr_line' id='line_1_1' title="bbox 333 544 1641 626; baseline -0.001 -25"><span class='ocrx_word' id='word_1_1' title='bbox 333 561 374 616; x_wconf 69' lang='lat'><strong>15</strong></span> <span class='ocrx_word' id='word_1_2' title='bbox 379 563 396 618; x_wconf 83' lang='lat'><strong>5</strong></span> <span class='ocrx_word' id='word_1_3' title='bbox 781 544 808 599; x_wconf 84' lang='lat' dir='ltr'><strong>S.</strong></span> <span class='ocrx_word' id='word_1_4' title='bbox 823 544 978 616; x_wconf 75' lang='lat' dir='ltr'>Gregorius</span> <span class='ocrx_word' id='word_1_5' title='bbox 991 545 1193 604; x_wconf 72' lang='lat' dir='ltr'><strong>nazianzenus.</strong></span> <span class='ocrx_word' id='word_1_6' title='bbox 1582 571 1641 626; x_wconf 68' lang='grc'><strong>166</strong></span> 
     </span>
    </p>
   </div>
   <div class='ocr_carea' id='block_1_2' title="bbox 326 731 1646 3479">
    <p class='ocr_par' dir='ltr' id='par_1_2' title="bbox 329 731 1646 1259">
     <span class='ocr_line' id='line_1_2' title="bbox 329 731 1645 814; baseline 0.005 -22"><span class='ocrx_word' id='word_1_7' title='bbox 329 733 363 792; x_wconf 77' lang='lat' dir='ltr'><strong>in</strong></span> <span class='ocrx_word' id='word_1_8' title='bbox 378 731 591 807; x_wconf 75' lang='lat' dir='ltr'><strong>Hercemeron,</strong></span> <span class='ocrx_word' id='word_1_9' title='bbox 613 733 648 790; x_wconf 81' lang='lat' dir='ltr'><strong>de</strong></span> <span class='ocrx_word' id='word_1_10' title='bbox 668 731 828 792; x_wconf 79' lang='lat' dir='ltr'><strong>conditione</strong></span> <span class='ocrx_word' id='word_1_11' title='bbox 849 733 975 792; x_wconf 80' lang='lat' dir='ltr'><strong>bominis</strong></span> <span class='ocrx_word' id='word_1_12' title='bbox 1002 735 1077 795; x_wconf 83' lang='lat' dir='ltr'><strong>mule</strong></span> <span class='ocrx_word' id='word_1_13' title='bbox 1093 733 1130 794; x_wconf 91' lang='lat' dir='ltr'><strong>de</strong></span> <span class='ocrx_word' id='word_1_14' title='bbox 1145 735 1209 811; x_wconf 89' lang='lat' dir='ltr'><strong>ipso</strong></span> <span class='ocrx_word' id='word_1_15' title='bbox 1220 739 1388 812; x_wconf 76' lang='lat' dir='ltr'><strong>auguratus</strong></span> <span class='ocrx_word' id='word_1_16' title='bbox 1403 739 1458 808; x_wconf 87' lang='lat' dir='ltr'><strong>est,</strong></span> <span class='ocrx_word' id='word_1_17' title='bbox 1475 733 1570 813; x_wconf 83' lang='lat' dir='ltr'><strong>quum</strong></span> <span class='ocrx_word' id='word_1_18' title='bbox 1579 739 1645 814; x_wconf 90' lang='lat' dir='ltr'><strong>ejus</strong></span> 
     </span>
     <span class='ocr_line' id='line_1_3' title="bbox 332 821 1645 904; baseline 0.005 -24"><span class='ocrx_word' id='word_1_19' title='bbox 332 823 422 880; x_wconf 85' lang='lat' dir='ltr'><strong>etex</strong></span> <span class='ocrx_word' id='word_1_20' title='bbox 443 822 529 898; x_wconf 86' lang='lat' dir='ltr'><strong>parte</strong></span> <span class='ocrx_word' id='word_1_21' title='bbox 551 822 586 880; x_wconf 83' lang='lat' dir='ltr'><strong>de</strong></span> <span class='ocrx_word' id='word_1_22' title='bbox 608 822 668 880; x_wconf 81' lang='lat' dir='ltr'><strong>oitc</strong></span> <span class='ocrx_word' id='word_1_23' title='bbox 691 821 800 898; x_wconf 78' lang='lat' dir='ltr'><strong>Moysis</strong></span> <span class='ocrx_word' id='word_1_24' title='bbox 806 842 822 891; x_wconf 88' lang='lat'><strong>,·</strong></span> <span class='ocrx_word' id='word_1_25' title='bbox 845 821 918 882; x_wconf 89' lang='lat' dir='ltr'><strong>haec</strong></span> <span class='ocrx_word' id='word_1_26' title='bbox 940 822 974 881; x_wconf 91' lang='lat' dir='ltr'><strong>ll.</strong></span> <span class='ocrx_word' id='word_1_27' title='bbox 1001 823 1140 883; x_wconf 90' lang='lat' dir='ltr'><strong>habitum</strong></span> <span class='ocrx_word' id='word_1_28' title='bbox 1155 841 1312 900; x_wconf 80' lang='lat' dir='ltr'><strong>moresque</strong></span> <span class='ocrx_word' id='word_1_29' title='bbox 1327 827 1519 902; x_wconf 84' lang='lat' dir='ltr'><strong>conspiceret</strong></span> <span class='ocrx_word' id='word_1_30' title='bbox 1542 828 1578 886; x_wconf 91' lang='lat' dir='ltr'><strong>In</strong></span> <span class='ocrx_word' id='word_1_31' title='bbox 1593 847 1645 904; x_wconf 78' lang='lat' dir='ltr'><strong>ps-</strong></span> 
     </span>
     <span class='ocr_line' id='line_1_4' title="bbox 331 908 1646 998; baseline 0.006 -30"><span class='ocrx_word' id='word_1_32' title='bbox 331 910 525 989; x_wconf 78' lang='lat' dir='ltr'><strong>dcgmaticos</strong></span> <span class='ocrx_word' id='word_1_33' title='bbox 543 910 637 969; x_wconf 90' lang='lat' dir='ltr'><strong>Plura</strong></span> <span class='ocrx_word' id='word_1_34' title='bbox 651 927 675 970; x_wconf 85' lang='lat' dir='ltr'><strong>s.</strong></span> <span class='ocrx_word' id='word_1_35' title='bbox 684 909 821 986; x_wconf 80' lang='lat' dir='ltr'><strong>Gregorii</strong></span> <span class='ocrx_word' id='word_1_36' title='bbox 829 910 975 986; x_wconf 69' lang='lat' dir='ltr'><strong>opusculi</strong></span> <span class='ocrx_word' id='word_1_37' title='bbox 1001 911 1090 974; x_wconf 89' lang='lat' dir='ltr'><strong>triam</strong></span> <span class='ocrx_word' id='word_1_38' title='bbox 1121 930 1259 973; x_wconf 75' lang='lat' dir='ltr'><strong>racemus</strong></span> <span class='ocrx_word' id='word_1_39' title='bbox 1288 908 1326 996; x_wconf 89' lang='lat' dir='ltr'><strong>(e.</strong></span> <span class='ocrx_word' id='word_1_40' title='bbox 1354 908 1431 998; x_wconf 88' lang='grc'>360)</span> <span class='ocrx_word' id='word_1_41' title='bbox 1462 914 1646 992; x_wconf 86' lang='lat' dir='ltr'><strong>baptismum</strong></span> 
     </span>
     <span class='ocr_line' id='line_1_5' title="bbox 331 998 1643 1078; baseline 0.005 -20"><span class='ocrx_word' id='word_1_42' title='bbox 331 998 511 1076; x_wconf 84' lang='lat' dir='ltr'><strong>prodierunt</strong></span> <span class='ocrx_word' id='word_1_43' title='bbox 540 998 574 1058; x_wconf 91' lang='lat' dir='ltr'><strong>iu</strong></span> <span class='ocrx_word' id='word_1_44' title='bbox 604 999 764 1059; x_wconf 86' lang='lat' dir='ltr'><strong>Oehleri</strong></span> <span class='ocrx_word' id='word_1_45' title='bbox 794 998 975 1060; x_wconf 75' lang='lat' dir='ltr'><strong>bibliotheca</strong></span> <span class='ocrx_word' id='word_1_46' title='bbox 1002 1001 1135 1078; x_wconf 88' lang='lat' dir='ltr'><strong>suscepit</strong></span> <span class='ocrx_word' id='word_1_47' title='bbox 1150 1003 1308 1078; x_wconf 88' lang='lat' dir='ltr'><strong>totumque</strong></span> <span class='ocrx_word' id='word_1_48' title='bbox 1325 1002 1430 1063; x_wconf 84' lang='lat' dir='ltr'><strong>exinde</strong></span> <span class='ocrx_word' id='word_1_49' title='bbox 1450 1021 1482 1062; x_wconf 92' lang='lat' dir='ltr'><strong>se</strong></span> <span class='ocrx_word' id='word_1_50' title='bbox 1497 1004 1559 1064; x_wconf 89' lang='lat' dir='ltr'><strong>Deo</strong></span> <span class='ocrx_word' id='word_1_51' title='bbox 1574 1023 1643 1065; x_wconf 89' lang='lat' dir='ltr'><strong>con·</strong></span> 
     </span>
     <span class='ocr_line' id='line_1_6' title="bbox 330 1086 1643 1170; baseline 0.004 -22"><span class='ocrx_word' id='word_1_52' title='bbox 330 1088 388 1152; x_wconf 88' lang='grc' dir='ltr'><strong>ΡΡ.</strong></span> <span class='ocrx_word' id='word_1_53' title='bbox 403 1087 523 1164; x_wconf 74' lang='lat' dir='ltr'><strong>Lipsiae</strong></span> <span class='ocrx_word' id='word_1_54' title='bbox 542 1096 759 1152; x_wconf 76' lang='lat' dir='ltr'><strong>rese-1859</strong></span> <span class='ocrx_word' id='word_1_55' title='bbox 776 1090 798 1147; x_wconf 90' lang='lat' dir='ltr'><strong>t.</strong></span> <span class='ocrx_word' id='word_1_56' title='bbox 815 1097 835 1150; x_wconf 81' lang='lat'>4</span> <span class='ocrx_word' id='word_1_57' title='bbox 850 1086 884 1147; x_wconf 90' lang='lat' dir='ltr'><strong>in</strong></span> <span class='ocrx_word' id='word_1_58' title='bbox 901 1097 929 1153; x_wconf 92' lang='lat'><strong>8.</strong></span> <span class='ocrx_word' id='word_1_59' title='bbox 1002 1090 1130 1152; x_wconf 83' lang='lat' dir='ltr'><strong>secrevit</strong></span> <span class='ocrx_word' id='word_1_60' title='bbox 1139 1089 1303 1151; x_wconf 90' lang='lat' dir='ltr'><strong>solitudine</strong></span> <span class='ocrx_word' id='word_1_61' title='bbox 1318 1094 1349 1151; x_wconf 91' lang='lat' dir='ltr'><strong>et</strong></span> <span class='ocrx_word' id='word_1_62' title='bbox 1364 1091 1458 1152; x_wconf 77' lang='lat' dir='ltr'><strong>ascesi</strong></span> <span class='ocrx_word' id='word_1_63' title='bbox 1474 1112 1564 1170; x_wconf 89' lang='lat' dir='ltr'><strong>quam</strong></span> <span class='ocrx_word' id='word_1_64' title='bbox 1581 1112 1643 1153; x_wconf 89' lang='lat' dir='ltr'><strong>ma·</strong></span> 
     </span>
     <span class='ocr_line' id='line_1_7' title="bbox 1002 1177 1644 1259; baseline 0.009 -21"><span class='ocrx_word' id='word_1_65' title='bbox 1002 1179 1081 1238; x_wconf 87' lang='lat' dir='ltr'><strong>xime</strong></span> <span class='ocrx_word' id='word_1_66' title='bbox 1096 1177 1270 1243; x_wconf 82' lang='lat' dir='ltr'><strong>delectetur.</strong></span> <span class='ocrx_word' id='word_1_67' title='bbox 1296 1179 1369 1239; x_wconf 77' lang='lat' dir='ltr'><strong>Cum</strong></span> <span class='ocrx_word' id='word_1_68' title='bbox 1384 1199 1454 1241; x_wconf 86' lang='lat' dir='ltr'><strong>vero</strong></span> <span class='ocrx_word' id='word_1_69' title='bbox 1470 1184 1644 1259; x_wconf 74' lang='lat' dir='ltr'><strong>paterenus</strong></span> 
     </span>
    </p>

    <p class='ocr_par' dir='ltr' id='par_1_3' title="bbox 326 1265 1646 3479">
     <span class='ocr_line' id='line_1_8' title="bbox 376 1265 1645 1345; baseline 0.002 -16"><span class='ocrx_word' id='word_1_70' title='bbox 376 1276 430 1331; x_wconf 80' lang='grc'><strong>86.</strong></span> <span class='ocrx_word' id='word_1_71' title='bbox 445 1266 591 1342; x_wconf 80' lang='lat' dir='ltr'><strong>Sequitur</strong></span> <span class='ocrx_word' id='word_1_72' title='bbox 600 1265 665 1342; x_wconf 86' lang='lat' dir='ltr'><strong>jam</strong></span> <span class='ocrx_word' id='word_1_73' title='bbox 685 1265 811 1326; x_wconf 86' lang='lat' dir='ltr'><strong>tertium</strong></span> <span class='ocrx_word' id='word_1_74' title='bbox 832 1265 914 1326; x_wconf 90' lang='lat' dir='ltr'><strong>illius</strong></span> <span class='ocrx_word' id='word_1_75' title='bbox 937 1266 975 1345; x_wconf 88' lang='lat' dir='ltr'><strong>il·</strong></span> <span class='ocrx_word' id='word_1_76' title='bbox 1002 1267 1179 1342; x_wconf 70' lang='lat' dir='ltr'><strong>hunnorum</strong></span> <span class='ocrx_word' id='word_1_77' title='bbox 1202 1268 1344 1345; x_wconf 87' lang='lat' dir='ltr'><strong>deceptus</strong></span> <span class='ocrx_word' id='word_1_78' title='bbox 1366 1270 1469 1330; x_wconf 84' lang='lat' dir='ltr'><strong>srsude</strong></span> <span class='ocrx_word' id='word_1_79' title='bbox 1499 1271 1645 1332; x_wconf 81' lang='lat' dir='ltr'><strong>formulae</strong></span> 
     </span>
     <span class='ocr_line' id='line_1_9' title="bbox 330 1354 1644 1436; baseline 0.004 -21"><span class='ocrx_word' id='word_1_80' title='bbox 330 1354 439 1416; x_wconf 87' lang='lat' dir='ltr'><strong>lustris</strong></span> <span class='ocrx_word' id='word_1_81' title='bbox 447 1355 574 1414; x_wconf 85' lang='lat' dir='ltr'><strong>ternarii</strong></span> <span class='ocrx_word' id='word_1_82' title='bbox 582 1354 763 1431; x_wconf 82' lang='lat' dir='ltr'><strong>cappedocii,</strong></span> <span class='ocrx_word' id='word_1_83' title='bbox 779 1373 840 1431; x_wconf 91' lang='lat' dir='ltr'><strong>quo</strong></span> <span class='ocrx_word' id='word_1_84' title='bbox 849 1355 975 1416; x_wconf 86' lang='lat' dir='ltr'><strong>maxime</strong></span> <span class='ocrx_word' id='word_1_85' title='bbox 1002 1356 1176 1418; x_wconf 77' lang='lat' dir='ltr'><strong>ariminensi</strong></span> <span class='ocrx_word' id='word_1_86' title='bbox 1192 1357 1426 1434; x_wconf 79' lang='lat' dir='ltr'><strong>subscripsisset,</strong></span> <span class='ocrx_word' id='word_1_87' title='bbox 1443 1377 1505 1419; x_wconf 91' lang='lat' dir='ltr'><strong>non</strong></span> <span class='ocrx_word' id='word_1_88' title='bbox 1518 1360 1644 1436; x_wconf 76' lang='lat' dir='ltr'><strong>quievit,</strong></span> 
     </span>
     <span class='ocr_line' id='line_1_10' title="bbox 329 1442 1645 1524; baseline 0.002 -19"><span class='ocrx_word' id='word_1_89' title='bbox 329 1445 387 1506; x_wconf 86' lang='lat' dir='ltr'><strong>hoc</strong></span> <span class='ocrx_word' id='word_1_90' title='bbox 401 1445 503 1504; x_wconf 87' lang='lat' dir='ltr'><strong>seculo</strong></span> <span class='ocrx_word' id='word_1_91' title='bbox 518 1442 670 1504; x_wconf 82' lang='lat' dir='ltr'><strong>illustrate</strong></span> <span class='ocrx_word' id='word_1_92' title='bbox 683 1443 743 1503; x_wconf 88' lang='lat' dir='ltr'><strong>fuit</strong></span> <span class='ocrx_word' id='word_1_93' title='bbox 757 1444 911 1504; x_wconf 87' lang='lat' dir='ltr'><strong>orientalis</strong></span> <span class='ocrx_word' id='word_1_94' title='bbox 920 1444 975 1504; x_wconf 78' lang='lat' dir='ltr'><strong>Ec·</strong></span> <span class='ocrx_word' id='word_1_95' title='bbox 1003 1446 1096 1506; x_wconf 90' lang='lat' dir='ltr'><strong>donec</strong></span> <span class='ocrx_word' id='word_1_96' title='bbox 1127 1448 1212 1522; x_wconf 85' lang='lat' dir='ltr'><strong>pater</strong></span> <span class='ocrx_word' id='word_1_97' title='bbox 1242 1447 1325 1506; x_wconf 89' lang='lat' dir='ltr'><strong>edita</strong></span> <span class='ocrx_word' id='word_1_98' title='bbox 1349 1447 1532 1508; x_wconf 86' lang='lat' dir='ltr'><strong>confessione</strong></span> <span class='ocrx_word' id='word_1_99' title='bbox 1555 1449 1645 1524; x_wconf 85' lang='lat' dir='ltr'><strong>plana</strong></span> 
     </span>
     <span class='ocr_line' id='line_1_11' title="bbox 329 1531 1644 1614; baseline 0.002 -19"><span class='ocrx_word' id='word_1_100' title='bbox 329 1534 429 1606; x_wconf 64' lang='lat' dir='ltr'><strong>clasis</strong></span> <span class='ocrx_word' id='word_1_101' title='bbox 445 1532 688 1609; x_wconf 82' lang='lat' dir='ltr'><strong>splendissimum</strong></span> <span class='ocrx_word' id='word_1_102' title='bbox 698 1531 782 1593; x_wconf 89' lang='lat' dir='ltr'><strong>sidus</strong></span> <span class='ocrx_word' id='word_1_103' title='bbox 797 1551 821 1592; x_wconf 92' lang='lat' dir='ltr'><strong>s.</strong></span> <span class='ocrx_word' id='word_1_104' title='bbox 837 1533 975 1612; x_wconf 77' lang='lat' dir='ltr'><strong>dregc·</strong></span> <span class='ocrx_word' id='word_1_105' title='bbox 1003 1534 1288 1596; x_wconf 87' lang='lat' dir='ltr'><strong>orthodoxaanimos</strong></span> <span class='ocrx_word' id='word_1_106' title='bbox 1298 1537 1401 1596; x_wconf 80' lang='lat' dir='ltr'><strong>ovium</strong></span> <span class='ocrx_word' id='word_1_107' title='bbox 1416 1540 1578 1598; x_wconf 90' lang='lat' dir='ltr'><strong>commotos</strong></span> <span class='ocrx_word' id='word_1_108' title='bbox 1593 1557 1644 1614; x_wconf 82' lang='lat' dir='ltr'><strong>pa·</strong></span> 
     </span>
     <span class='ocr_line' id='line_1_12' title="bbox 330 1621 1646 1704; baseline 0.004 -21"><span class='ocrx_word' id='word_1_109' title='bbox 330 1623 416 1684; x_wconf 84' lang='lat' dir='ltr'><strong>rius</strong></span> <span class='ocrx_word' id='word_1_110' title='bbox 430 1622 636 1693; x_wconf 78' lang='lat' dir='ltr'><strong>nausnaenus,</strong></span> <span class='ocrx_word' id='word_1_111' title='bbox 652 1621 706 1698; x_wconf 86' lang='lat' dir='ltr'><strong>qui</strong></span> <span class='ocrx_word' id='word_1_112' title='bbox 718 1622 976 1700; x_wconf 78' lang='lat' dir='ltr'><strong>etccgitatiouum</strong></span> <span class='ocrx_word' id='word_1_113' title='bbox 1002 1626 1108 1684; x_wconf 82' lang='lat' dir='ltr'><strong>cesset.</strong></span> <span class='ocrx_word' id='word_1_114' title='bbox 1122 1624 1242 1685; x_wconf 79' lang='lat' dir='ltr'><strong>Inritus</strong></span> <span class='ocrx_word' id='word_1_115' title='bbox 1257 1625 1413 1704; x_wconf 77' lang='lat' dir='ltr'><strong>presbyter</strong></span> <span class='ocrx_word' id='word_1_116' title='bbox 1427 1626 1583 1688; x_wconf 90' lang='lat' dir='ltr'><strong>ordinatus</strong></span> <span class='ocrx_word' id='word_1_117' title='bbox 1598 1630 1646 1688; x_wconf 90' lang='lat' dir='ltr'><strong>est</strong></span> 
     </span>
     <span class='ocr_line' id='line_1_13' title="bbox 330 1710 1643 1787; baseline 0.002 -13"><span class='ocrx_word' id='word_1_118' title='bbox 330 1711 520 1774; x_wconf 78' lang='lat' dir='ltr'><strong>sublimitate</strong></span> <span class='ocrx_word' id='word_1_119' title='bbox 535 1714 567 1770; x_wconf 91' lang='lat' dir='ltr'><strong>et</strong></span> <span class='ocrx_word' id='word_1_120' title='bbox 580 1711 738 1771; x_wconf 89' lang='lat' dir='ltr'><strong>nobilitate</strong></span> <span class='ocrx_word' id='word_1_121' title='bbox 753 1710 941 1787; x_wconf 83' lang='lat' dir='ltr'><strong>eloquentiae</strong></span> <span class='ocrx_word' id='word_1_122' title='bbox 953 1730 975 1772; x_wconf 84' lang='lat' dir='ltr'><strong>s</strong></span> <span class='ocrx_word' id='word_1_123' title='bbox 1003 1712 1080 1772; x_wconf 81' lang='lat' dir='ltr'><strong>forte</strong></span> <span class='ocrx_word' id='word_1_124' title='bbox 1096 1731 1119 1775; x_wconf 90' lang='lat' dir='ltr'><strong>c.</strong></span> <span class='ocrx_word' id='word_1_125' title='bbox 1135 1732 1160 1772; x_wconf 84' lang='lat' dir='ltr'><strong>s.</strong></span> <span class='ocrx_word' id='word_1_126' title='bbox 1171 1722 1232 1778; x_wconf 85' lang='lat'><strong>361</strong></span> <span class='ocrx_word' id='word_1_127' title='bbox 1244 1734 1251 1773; x_wconf 94' lang='lat'>:</span> <span class='ocrx_word' id='word_1_128' title='bbox 1269 1713 1321 1774; x_wconf 89' lang='lat' dir='ltr'><strong>sed</strong></span> <span class='ocrx_word' id='word_1_129' title='bbox 1336 1733 1403 1774; x_wconf 87' lang='lat' dir='ltr'><strong>mox</strong></span> <span class='ocrx_word' id='word_1_130' title='bbox 1417 1717 1503 1776; x_wconf 85' lang='lat' dir='ltr'><strong>tunto</strong></span> <span class='ocrx_word' id='word_1_131' title='bbox 1518 1716 1643 1776; x_wconf 86' lang='lat' dir='ltr'><strong>territus</strong></span> 
     </span>
     <span class='ocr_line' id='line_1_14' title="bbox 330 1799 1644 1882; baseline 0.002 -18"><span class='ocrx_word' id='word_1_132' title='bbox 330 1800 480 1864; x_wconf 83' lang='lat' dir='ltr'><strong>Basilium</strong></span> <span class='ocrx_word' id='word_1_133' title='bbox 502 1803 533 1860; x_wconf 90' lang='lat' dir='ltr'><strong>et</strong></span> <span class='ocrx_word' id='word_1_134' title='bbox 554 1800 646 1877; x_wconf 89' lang='lat' dir='ltr'><strong>hujus</strong></span> <span class='ocrx_word' id='word_1_135' title='bbox 660 1799 783 1860; x_wconf 82' lang='lat' dir='ltr'><strong>tratrem</strong></span> <span class='ocrx_word' id='word_1_136' title='bbox 799 1801 976 1879; x_wconf 80' lang='lat' dir='ltr'><strong>Gregorium</strong></span> <span class='ocrx_word' id='word_1_137' title='bbox 1003 1820 1092 1862; x_wconf 88' lang='lat' dir='ltr'><strong>onere</strong></span> <span class='ocrx_word' id='word_1_138' title='bbox 1108 1803 1142 1860; x_wconf 89' lang='lat' dir='ltr'><strong>in</strong></span> <span class='ocrx_word' id='word_1_139' title='bbox 1157 1801 1352 1863; x_wconf 82' lang='lat' dir='ltr'><strong>solitudinem</strong></span> <span class='ocrx_word' id='word_1_140' title='bbox 1367 1803 1503 1882; x_wconf 83' lang='lat' dir='ltr'><strong>confugit</strong></span> <span class='ocrx_word' id='word_1_141' title='bbox 1518 1803 1555 1864; x_wconf 91' lang='lat' dir='ltr'><strong>ad</strong></span> <span class='ocrx_word' id='word_1_142' title='bbox 1570 1805 1644 1866; x_wconf 88' lang='lat' dir='ltr'><strong>smi-</strong></span> 
     </span>
     <span class='ocr_line' id='line_1_15' title="bbox 329 1889 1644 1970; baseline 0.003 -20"><span class='ocrx_word' id='word_1_143' title='bbox 329 1908 496 1968; x_wconf 80' lang='lat' dir='ltr'><strong>nyssenum</strong></span> <span class='ocrx_word' id='word_1_144' title='bbox 505 1889 660 1967; x_wconf 87' lang='lat' dir='ltr'><strong>praecellit</strong></span> <span class='ocrx_word' id='word_1_145' title='bbox 667 1892 700 1967; x_wconf 84' lang='lat'><strong>¹).</strong></span> <span class='ocrx_word' id='word_1_146' title='bbox 723 1889 821 1949; x_wconf 86' lang='lat' dir='ltr'><strong>Natus</strong></span> <span class='ocrx_word' id='word_1_147' title='bbox 837 1893 884 1950; x_wconf 90' lang='lat' dir='ltr'><strong>est</strong></span> <span class='ocrx_word' id='word_1_148' title='bbox 896 1890 977 1949; x_wconf 87' lang='lat' dir='ltr'><strong>intra</strong></span> <span class='ocrx_word' id='word_1_149' title='bbox 1003 1909 1072 1950; x_wconf 88' lang='lat' dir='ltr'><strong>cum</strong></span> <span class='ocrx_word' id='word_1_150' title='bbox 1087 1909 1175 1950; x_wconf 89' lang='lat' dir='ltr'><strong>suurn</strong></span> <span class='ocrx_word' id='word_1_151' title='bbox 1186 1892 1422 1970; x_wconf 79' lang='lat' dir='ltr'><strong>suaequefugae,</strong></span> <span class='ocrx_word' id='word_1_152' title='bbox 1440 1912 1516 1970; x_wconf 87' lang='lat' dir='ltr'><strong>quae</strong></span> <span class='ocrx_word' id='word_1_153' title='bbox 1531 1893 1644 1954; x_wconf 88' lang='lat' dir='ltr'><strong>multos</strong></span> 
     </span>
     <span class='ocr_line' id='line_1_16' title="bbox 329 1978 1644 2057; baseline 0 -15"><span class='ocrx_word' id='word_1_154' title='bbox 329 1987 515 2044; x_wconf 72' lang='lat' dir='ltr'><strong>sene-29</strong></span> <span class='ocrx_word' id='word_1_155' title='bbox 525 2000 532 2050; x_wconf 86' lang='lat'><strong>;</strong></span> <span class='ocrx_word' id='word_1_156' title='bbox 544 1979 634 2054; x_wconf 89' lang='lat' dir='ltr'><strong>juxta</strong></span> <span class='ocrx_word' id='word_1_157' title='bbox 647 1978 721 2037; x_wconf 92' lang='lat' dir='ltr'><strong>alios</strong></span> <span class='ocrx_word' id='word_1_158' title='bbox 736 1995 761 2041; x_wconf 92' lang='lat' dir='ltr'><strong>c.</strong></span> <span class='ocrx_word' id='word_1_159' title='bbox 772 1987 836 2042; x_wconf 80' lang='lat'><strong>330</strong></span> <span class='ocrx_word' id='word_1_160' title='bbox 847 1978 880 2038; x_wconf 92' lang='lat' dir='ltr'><strong>in</strong></span> <span class='ocrx_word' id='word_1_161' title='bbox 890 1997 975 2057; x_wconf 74' lang='lat' dir='ltr'><strong>pugo,</strong></span> <span class='ocrx_word' id='word_1_162' title='bbox 1003 1979 1176 2052; x_wconf 78' lang='lat' dir='ltr'><strong>offenderat,</strong></span> <span class='ocrx_word' id='word_1_163' title='bbox 1199 1979 1346 2042; x_wconf 76' lang='lat' dir='ltr'><strong>rationem</strong></span> <span class='ocrx_word' id='word_1_164' title='bbox 1364 1981 1495 2042; x_wconf 86' lang='lat' dir='ltr'><strong>reddidit</strong></span> <span class='ocrx_word' id='word_1_165' title='bbox 1509 1981 1542 2041; x_wconf 90' lang='lat' dir='ltr'><strong>in</strong></span> <span class='ocrx_word' id='word_1_166' title='bbox 1557 1982 1644 2042; x_wconf 91' lang='lat' dir='ltr'><strong>nobi-</strong></span> 
     </span>
     <span class='ocr_line' id='line_1_17' title="bbox 330 2063 1646 2151; baseline 0.003 -23"><span class='ocrx_word' id='word_1_167' title='bbox 330 2063 976 2151; x_wconf 80' lang='lat' dir='ltr'><strong>cuiuomeuhrianrus,propeNaaiansum¹),</strong></span> <span class='ocrx_word' id='word_1_168' title='bbox 1004 2068 1119 2128; x_wconf 88' lang='lat' dir='ltr'><strong>lissima</strong></span> <span class='ocrx_word' id='word_1_169' title='bbox 1143 2069 1277 2130; x_wconf 89' lang='lat' dir='ltr'><strong>oratione</strong></span> <span class='ocrx_word' id='word_1_170' title='bbox 1301 2069 1486 2148; x_wconf 79' lang='lat' dir='ltr'><strong>apologetica</strong></span> <span class='ocrx_word' id='word_1_171' title='bbox 1515 2071 1550 2130; x_wconf 81' lang='lat' dir='ltr'><strong>de</strong></span> <span class='ocrx_word' id='word_1_172' title='bbox 1571 2072 1646 2150; x_wconf 72' lang='lat' dir='ltr'><strong>supe</strong></span> 
     </span>
     <span class='ocr_line' id='line_1_18' title="bbox 330 2151 1644 2240; baseline 0.003 -25"><span class='ocrx_word' id='word_1_173' title='bbox 330 2161 418 2236; x_wconf 76' lang='lat' dir='ltr'><strong>petre</strong></span> <span class='ocrx_word' id='word_1_174' title='bbox 432 2155 576 2233; x_wconf 80' lang='lat' dir='ltr'><strong>Gregorio</strong></span> <span class='ocrx_word' id='word_1_175' title='bbox 598 2157 746 2233; x_wconf 88' lang='lat' dir='ltr'><strong>quondam</strong></span> <span class='ocrx_word' id='word_1_176' title='bbox 770 2157 898 2228; x_wconf 88' lang='lat' dir='ltr'><strong>ethnico,</strong></span> <span class='ocrx_word' id='word_1_177' title='bbox 923 2157 976 2233; x_wconf 91' lang='lat' dir='ltr'><strong>qui</strong></span> <span class='ocrx_word' id='word_1_178' title='bbox 1003 2151 1098 2240; x_wconf 63' lang='grc' dir='ltr'><strong>ειιαῑ).</strong></span> <span class='ocrx_word' id='word_1_179' title='bbox 1131 2158 1199 2217; x_wconf 84' lang='lat' dir='ltr'><strong>Mox</strong></span> <span class='ocrx_word' id='word_1_180' title='bbox 1222 2161 1325 2218; x_wconf 82' lang='lat' dir='ltr'><strong>temen</strong></span> <span class='ocrx_word' id='word_1_181' title='bbox 1347 2158 1438 2220; x_wconf 89' lang='lat' dir='ltr'><strong>rediit</strong></span> <span class='ocrx_word' id='word_1_182' title='bbox 1458 2178 1558 2219; x_wconf 87' lang='lat' dir='ltr'><strong>amore</strong></span> <span class='ocrx_word' id='word_1_183' title='bbox 1574 2178 1644 2220; x_wconf 88' lang='lat' dir='ltr'><strong>con·</strong></span> 
     </span>
     <span class='ocr_line' id='line_1_19' title="bbox 329 2244 1644 2324; baseline 0.002 -17"><span class='ocrx_word' id='word_1_184' title='bbox 329 2251 433 2307; x_wconf 86' lang='lat' dir='ltr'><strong>tamen</strong></span> <span class='ocrx_word' id='word_1_185' title='bbox 442 2244 567 2305; x_wconf 82' lang='lat' dir='ltr'><strong>Nonuae</strong></span> <span class='ocrx_word' id='word_1_186' title='bbox 581 2244 733 2322; x_wconf 89' lang='lat' dir='ltr'><strong>piissimae</strong></span> <span class='ocrx_word' id='word_1_187' title='bbox 742 2246 844 2307; x_wconf 87' lang='lat' dir='ltr'><strong>uxoris</strong></span> <span class='ocrx_word' id='word_1_188' title='bbox 852 2245 976 2306; x_wconf 88' lang='lat' dir='ltr'><strong>monitis</strong></span> <span class='ocrx_word' id='word_1_189' title='bbox 1004 2245 1117 2306; x_wconf 79' lang='lat' dir='ltr'><strong>cisium</strong></span> <span class='ocrx_word' id='word_1_190' title='bbox 1140 2249 1309 2323; x_wconf 83' lang='lat' dir='ltr'><strong>pertractus</strong></span> <span class='ocrx_word' id='word_1_191' title='bbox 1334 2250 1365 2306; x_wconf 91' lang='lat' dir='ltr'><strong>et</strong></span> <span class='ocrx_word' id='word_1_192' title='bbox 1389 2249 1523 2324; x_wconf 87' lang='lat' dir='ltr'><strong>exemplo</strong></span> <span class='ocrx_word' id='word_1_193' title='bbox 1548 2249 1644 2310; x_wconf 86' lang='lat' dir='ltr'><strong>Jouce</strong></span> 
     </span>
     <span class='ocr_line' id='line_1_20' title="bbox 331 2334 1645 2414; baseline 0.002 -18"><span class='ocrx_word' id='word_1_194' title='bbox 331 2338 365 2396; x_wconf 87' lang='lat' dir='ltr'><strong>et</strong></span> <span class='ocrx_word' id='word_1_195' title='bbox 392 2334 536 2412; x_wconf 87' lang='lat' dir='ltr'><strong>precibus</strong></span> <span class='ocrx_word' id='word_1_196' title='bbox 560 2350 721 2394; x_wconf 78' lang='lat' dir='ltr'><strong>conversus</strong></span> <span class='ocrx_word' id='word_1_197' title='bbox 748 2337 796 2394; x_wconf 90' lang='lat' dir='ltr'><strong>est</strong></span> <span class='ocrx_word' id='word_1_198' title='bbox 826 2334 863 2395; x_wconf 90' lang='lat' dir='ltr'><strong>ad</strong></span> <span class='ocrx_word' id='word_1_199' title='bbox 887 2334 976 2394; x_wconf 80' lang='lat' dir='ltr'><strong>tidem</strong></span> <span class='ocrx_word' id='word_1_200' title='bbox 1004 2336 1118 2396; x_wconf 88' lang='lat' dir='ltr'><strong>excitus</strong></span> <span class='ocrx_word' id='word_1_201' title='bbox 1128 2338 1303 2413; x_wconf 88' lang='lat' dir='ltr'><strong>patremque</strong></span> <span class='ocrx_word' id='word_1_202' title='bbox 1313 2355 1402 2397; x_wconf 87' lang='lat' dir='ltr'><strong>suum</strong></span> <span class='ocrx_word' id='word_1_203' title='bbox 1412 2337 1530 2414; x_wconf 73' lang='lat' dir='ltr'><strong>ailjuvit</strong></span> <span class='ocrx_word' id='word_1_204' title='bbox 1545 2338 1577 2397; x_wconf 93' lang='lat' dir='ltr'><strong>in</strong></span> <span class='ocrx_word' id='word_1_205' title='bbox 1592 2337 1645 2398; x_wconf 89' lang='lat' dir='ltr'><strong>ad·</strong></span> 
     </span>
     <span class='ocr_line' id='line_1_21' title="bbox 330 2423 1645 2502; baseline 0.001 -17"><span class='ocrx_word' id='word_1_206' title='bbox 330 2423 447 2485; x_wconf 81' lang='lat' dir='ltr'><strong>Christi</strong></span> <span class='ocrx_word' id='word_1_207' title='bbox 455 2423 611 2500; x_wconf 85' lang='lat' dir='ltr'><strong>factusque</strong></span> <span class='ocrx_word' id='word_1_208' title='bbox 619 2423 976 2501; x_wconf 88' lang='lat' dir='ltr'><strong>postmodumepiscopus</strong></span> <span class='ocrx_word' id='word_1_209' title='bbox 1003 2423 1645 2502; x_wconf 83' lang='lat' dir='ltr'><strong>ministraudssuaecclesie:quamvieenim</strong></span> 
     </span>
     <span class='ocr_line' id='line_1_22' title="bbox 330 2511 1645 2592; baseline 0.001 -18"><span class='ocrx_word' id='word_1_210' title='bbox 330 2513 541 2574; x_wconf 74' lang='lat' dir='ltr'><strong>nmiauzeuus.</strong></span> <span class='ocrx_word' id='word_1_211' title='bbox 570 2514 599 2572; x_wconf 81' lang='lat' dir='ltr'>A</span> <span class='ocrx_word' id='word_1_212' title='bbox 622 2513 718 2572; x_wconf 89' lang='lat' dir='ltr'><strong>matre</strong></span> <span class='ocrx_word' id='word_1_213' title='bbox 736 2513 902 2590; x_wconf 87' lang='lat' dir='ltr'><strong>peroptime</strong></span> <span class='ocrx_word' id='word_1_214' title='bbox 916 2511 977 2572; x_wconf 86' lang='lat' dir='ltr'><strong>fuit</strong></span> <span class='ocrx_word' id='word_1_215' title='bbox 1004 2513 1167 2574; x_wconf 83' lang='lat' dir='ltr'><strong>solitudine</strong></span> <span class='ocrx_word' id='word_1_216' title='bbox 1183 2514 1389 2586; x_wconf 84' lang='lat' dir='ltr'><strong>delectaretur,</strong></span> <span class='ocrx_word' id='word_1_217' title='bbox 1409 2515 1645 2592; x_wconf 88' lang='lat' dir='ltr'><strong>quamprimum</strong></span> 
     </span>
     <span class='ocr_line' id='line_1_23' title="bbox 329 2601 1643 2681; baseline 0.001 -17"><span class='ocrx_word' id='word_1_218' title='bbox 329 2603 499 2664; x_wconf 85' lang='lat' dir='ltr'><strong>institutus</strong></span> <span class='ocrx_word' id='word_1_219' title='bbox 514 2601 546 2660; x_wconf 91' lang='lat' dir='ltr'><strong>in</strong></span> <span class='ocrx_word' id='word_1_220' title='bbox 561 2601 764 2678; x_wconf 87' lang='lat' dir='ltr'><strong>omnipietate</strong></span> <span class='ocrx_word' id='word_1_221' title='bbox 773 2601 975 2680; x_wconf 68' lang='lat' dir='ltr'><strong>christianal).</strong></span> <span class='ocrx_word' id='word_1_222' title='bbox 1003 2603 1153 2662; x_wconf 78' lang='lat' dir='ltr'><strong>Ecclesiae</strong></span> <span class='ocrx_word' id='word_1_223' title='bbox 1163 2603 1276 2662; x_wconf 92' lang='lat' dir='ltr'><strong>bonum</strong></span> <span class='ocrx_word' id='word_1_224' title='bbox 1284 2605 1350 2678; x_wconf 84' lang='lat' dir='ltr'><strong>ejus</strong></span> <span class='ocrx_word' id='word_1_225' title='bbox 1366 2604 1533 2680; x_wconf 88' lang='lat' dir='ltr'><strong>postularet</strong></span> <span class='ocrx_word' id='word_1_226' title='bbox 1548 2623 1643 2681; x_wconf 88' lang='lat' dir='ltr'><strong>opem,</strong></span> 
     </span>
     <span class='ocr_line' id='line_1_24' title="bbox 329 2689 1643 2769; baseline 0.003 -18"><span class='ocrx_word' id='word_1_227' title='bbox 329 2691 449 2752; x_wconf 83' lang='lat' dir='ltr'><strong>Studiis</strong></span> <span class='ocrx_word' id='word_1_228' title='bbox 465 2708 585 2767; x_wconf 85' lang='lat' dir='ltr'><strong>operam</strong></span> <span class='ocrx_word' id='word_1_229' title='bbox 600 2689 684 2750; x_wconf 87' lang='lat' dir='ltr'><strong>dedit</strong></span> <span class='ocrx_word' id='word_1_230' title='bbox 699 2691 855 2750; x_wconf 76' lang='lat' dir='ltr'><strong>Caesareae</strong></span> <span class='ocrx_word' id='word_1_231' title='bbox 864 2691 975 2768; x_wconf 74' lang='lat' dir='ltr'><strong>Cappa-</strong></span> <span class='ocrx_word' id='word_1_232' title='bbox 1004 2693 1160 2769; x_wconf 90' lang='lat' dir='ltr'><strong>promptus</strong></span> <span class='ocrx_word' id='word_1_233' title='bbox 1176 2692 1286 2756; x_wconf 82' lang='lat' dir='ltr'><strong>aderet</strong></span> <span class='ocrx_word' id='word_1_234' title='bbox 1318 2692 1344 2750; x_wconf 79' lang='lat' dir='ltr'>A</span> <span class='ocrx_word' id='word_1_235' title='bbox 1359 2691 1472 2754; x_wconf 90' lang='lat' dir='ltr'><strong>Basilio</strong></span> <span class='ocrx_word' id='word_1_236' title='bbox 1487 2693 1643 2755; x_wconf 88' lang='lat' dir='ltr'><strong>ordinatus</strong></span> 
     </span>
     <span class='ocr_line' id='line_1_25' title="bbox 330 2779 1645 2857; baseline 0 -15"><span class='ocrx_word' id='word_1_237' title='bbox 330 2780 443 2851; x_wconf 86' lang='lat' dir='ltr'><strong>dociae,</strong></span> <span class='ocrx_word' id='word_1_238' title='bbox 458 2780 514 2838; x_wconf 93' lang='lat' dir='ltr'><strong>ubi</strong></span> <span class='ocrx_word' id='word_1_239' title='bbox 528 2780 658 2856; x_wconf 91' lang='lat' dir='ltr'><strong>primum</strong></span> <span class='ocrx_word' id='word_1_240' title='bbox 673 2779 975 2856; x_wconf 79' lang='lat' dir='ltr'><strong>coguovitBaeilium,</strong></span> <span class='ocrx_word' id='word_1_241' title='bbox 1003 2783 1050 2840; x_wconf 86' lang='lat' dir='ltr'><strong>cst</strong></span> <span class='ocrx_word' id='word_1_242' title='bbox 1060 2780 1418 2857; x_wconf 86' lang='lat' dir='ltr'><strong>Sasimcrumepiscopus,</strong></span> <span class='ocrx_word' id='word_1_243' title='bbox 1435 2781 1535 2842; x_wconf 90' lang='lat' dir='ltr'><strong>induci</strong></span> <span class='ocrx_word' id='word_1_244' title='bbox 1545 2785 1645 2842; x_wconf 58' lang='lat' dir='ltr'><strong>umen</strong></span> 
     </span>
     <span class='ocr_line' id='line_1_26' title="bbox 331 2868 1645 2952; baseline 0.002 -23"><span class='ocrx_word' id='word_1_245' title='bbox 331 2869 405 2930; x_wconf 87' lang='lat' dir='ltr'><strong>dein</strong></span> <span class='ocrx_word' id='word_1_246' title='bbox 420 2869 578 2928; x_wconf 72' lang='lat' dir='ltr'><strong>Caesareae</strong></span> <span class='ocrx_word' id='word_1_247' title='bbox 600 2869 633 2928; x_wconf 92' lang='lat' dir='ltr'><strong>in</strong></span> <span class='ocrx_word' id='word_1_248' title='bbox 648 2868 827 2941; x_wconf 87' lang='lat' dir='ltr'><strong>Palaestina,</strong></span> <span class='ocrx_word' id='word_1_249' title='bbox 848 2869 976 2928; x_wconf 78' lang='lat' dir='ltr'><strong>Alexan·</strong></span> <span class='ocrx_word' id='word_1_250' title='bbox 1003 2887 1064 2929; x_wconf 92' lang='lat' dir='ltr'><strong>nou</strong></span> <span class='ocrx_word' id='word_1_251' title='bbox 1079 2869 1188 2945; x_wconf 91' lang='lat' dir='ltr'><strong>potuit,</strong></span> <span class='ocrx_word' id='word_1_252' title='bbox 1205 2871 1241 2928; x_wconf 89' lang='lat' dir='ltr'><strong>ut</strong></span> <span class='ocrx_word' id='word_1_253' title='bbox 1256 2869 1395 2929; x_wconf 83' lang='lat' dir='ltr'><strong>stsbilem</strong></span> <span class='ocrx_word' id='word_1_254' title='bbox 1405 2869 1495 2952; x_wconf 81' lang='lat' dir='ltr'><strong>hujus</strong></span> <span class='ocrx_word' id='word_1_255' title='bbox 1505 2872 1645 2932; x_wconf 89' lang='lat' dir='ltr'><strong>ecclesiae</strong></span> 
     </span>
     <span class='ocr_line' id='line_1_27' title="bbox 328 2956 1646 3035; baseline 0.001 -17"><span class='ocrx_word' id='word_1_256' title='bbox 328 2958 426 3034; x_wconf 65' lang='lat' dir='ltr'><strong>driu,</strong></span> <span class='ocrx_word' id='word_1_257' title='bbox 449 2958 571 3016; x_wconf 90' lang='lat' dir='ltr'><strong>demum</strong></span> <span class='ocrx_word' id='word_1_258' title='bbox 591 2957 727 3028; x_wconf 81' lang='lat' dir='ltr'><strong>Athenis,</strong></span> <span class='ocrx_word' id='word_1_259' title='bbox 750 2957 804 3017; x_wconf 92' lang='lat' dir='ltr'><strong>ubi</strong></span> <span class='ocrx_word' id='word_1_260' title='bbox 820 2956 974 3018; x_wconf 88' lang='lat' dir='ltr'><strong>Julienum</strong></span> <span class='ocrx_word' id='word_1_261' title='bbox 1003 2959 1037 3018; x_wconf 90' lang='lat' dir='ltr'><strong>in</strong></span> <span class='ocrx_word' id='word_1_262' title='bbox 1059 2977 1091 3018; x_wconf 91' lang='lat' dir='ltr'><strong>se</strong></span> <span class='ocrx_word' id='word_1_263' title='bbox 1115 2958 1281 3034; x_wconf 88' lang='lat' dir='ltr'><strong>susciperet</strong></span> <span class='ocrx_word' id='word_1_264' title='bbox 1302 2976 1404 3018; x_wconf 87' lang='lat' dir='ltr'><strong>curam</strong></span> <span class='ocrx_word' id='word_1_265' title='bbox 1425 2977 1550 3035; x_wconf 88' lang='lat' dir='ltr'><strong>eamque</strong></span> <span class='ocrx_word' id='word_1_266' title='bbox 1568 2959 1646 3020; x_wconf 86' lang='lat' dir='ltr'><strong>forte</strong></span> 
     </span>
     <span class='ocr_line' id='line_1_28' title="bbox 329 3045 1645 3124; baseline 0.002 -18"><span class='ocrx_word' id='word_1_267' title='bbox 329 3048 474 3108; x_wconf 79' lang='lat' dir='ltr'><strong>futurum</strong></span> <span class='ocrx_word' id='word_1_268' title='bbox 482 3064 631 3106; x_wconf 66' lang='lat' dir='ltr'><strong>marem</strong></span> <span class='ocrx_word' id='word_1_269' title='bbox 640 3045 786 3124; x_wconf 80' lang='lat' dir='ltr'><strong>cognorit,</strong></span> <span class='ocrx_word' id='word_1_270' title='bbox 803 3047 855 3107; x_wconf 89' lang='lat' dir='ltr'><strong>sed</strong></span> <span class='ocrx_word' id='word_1_271' title='bbox 869 3049 977 3106; x_wconf 87' lang='lat' dir='ltr'><strong>etmor</strong></span> <span class='ocrx_word' id='word_1_272' title='bbox 1003 3065 1043 3107; x_wconf 91' lang='lat' dir='ltr'><strong>ne</strong></span> <span class='ocrx_word' id='word_1_273' title='bbox 1065 3047 1141 3107; x_wconf 85' lang='lat' dir='ltr'><strong>adiit</strong></span> <span class='ocrx_word' id='word_1_274' title='bbox 1162 3045 1294 3123; x_wconf 88' lang='lat' dir='ltr'><strong>quidem.</strong></span> <span class='ocrx_word' id='word_1_275' title='bbox 1326 3047 1474 3107; x_wconf 80' lang='lat' dir='ltr'><strong>Defuncto</strong></span> <span class='ocrx_word' id='word_1_276' title='bbox 1489 3051 1574 3124; x_wconf 87' lang='lat' dir='ltr'><strong>patre</strong></span> <span class='ocrx_word' id='word_1_277' title='bbox 1591 3065 1645 3108; x_wconf 90' lang='lat' dir='ltr'><strong>suo</strong></span> 
     </span>
     <span class='ocr_line' id='line_1_29' title="bbox 327 3133 1644 3218; baseline 0.002 -25"><span class='ocrx_word' id='word_1_278' title='bbox 327 3185 495 3200; x_wconf 80' lang='grc'><em>..,...-</em></span> <span class='ocrx_word' id='word_1_279' title='bbox 1004 3153 1095 3213; x_wconf 88' lang='lat' dir='ltr'><strong>prope</strong></span> <span class='ocrx_word' id='word_1_280' title='bbox 1117 3135 1286 3196; x_wconf 75' lang='lat' dir='ltr'><strong>centenario</strong></span> <span class='ocrx_word' id='word_1_281' title='bbox 1302 3135 1354 3216; x_wconf 76' lang='lat'><strong>(37</strong></span> <span class='ocrx_word' id='word_1_282' title='bbox 1361 3145 1378 3200; x_wconf 86' lang='lat'>3</span> <span class='ocrx_word' id='word_1_283' title='bbox 1404 3135 1451 3196; x_wconf 82' lang='lat' dir='ltr'><strong>vel</strong></span> <span class='ocrx_word' id='word_1_284' title='bbox 1475 3133 1553 3218; x_wconf 78' lang='lat'><strong>374)</strong></span> <span class='ocrx_word' id='word_1_285' title='bbox 1576 3155 1644 3196; x_wconf 88' lang='lat' dir='ltr'><strong>cou-</strong></span> 
     </span>
     <span class='ocr_line' id='line_1_30' title="bbox 369 3225 1646 3327; baseline 0.001 -22"><span class='ocrx_word' id='word_1_286' title='bbox 369 3259 390 3324; x_wconf 76' lang='lat'><strong>1)</strong></span> <span class='ocrx_word' id='word_1_287' title='bbox 405 3251 442 3306; x_wconf 81' lang='lat' dir='ltr'><strong>Es</strong></span> <span class='ocrx_word' id='word_1_288' title='bbox 467 3255 507 3306; x_wconf 83' lang='lat' dir='ltr'><strong>iet</strong></span> <span class='ocrx_word' id='word_1_289' title='bbox 536 3251 620 3309; x_wconf 86' lang='lat' dir='ltr'><strong>nicht</strong></span> <span class='ocrx_word' id='word_1_290' title='bbox 642 3251 854 3322; x_wconf 75' lang='lat' dir='ltr'><strong>uubercchtigt,</strong></span> <span class='ocrx_word' id='word_1_291' title='bbox 879 3251 977 3322; x_wconf 89' lang='lat' dir='ltr'><strong>iuquit</strong></span> <span class='ocrx_word' id='word_1_292' title='bbox 1003 3225 1115 3326; x_wconf 53' lang='lat' dir='ltr'><strong>iiim}</strong></span> <span class='ocrx_word' id='word_1_293' title='bbox 1140 3225 1280 3327; x_wconf 49' lang='lat' dir='ltr'><strong>Prfflii’ffs</strong></span> <span class='ocrx_word' id='word_1_294' title='bbox 1310 3227 1429 3326; x_wconf 54' lang='lat' dir='ltr'><strong>mus</strong></span> <span class='ocrx_word' id='word_1_295' title='bbox 1453 3225 1646 3286; x_wconf 57' lang='lat' dir='ltr'><strong>mmmm</strong></span> 
     </span>
     <span class='ocr_line' id='line_1_31' title="bbox 328 3314 1645 3390; baseline -0.004 -11"><span class='ocrx_word' id='word_1_296' title='bbox 328 3323 611 3379; x_wconf 79' lang='lat' dir='ltr'><strong>Bardcnhewer</strong></span> <span class='ocrx_word' id='word_1_297' title='bbox 630 3333 644 3390; x_wconf 66' lang='lat' dir='ltr'>fi</span> <span class='ocrx_word' id='word_1_298' title='bbox 657 3326 692 3380; x_wconf 83' lang='grc'><strong>67</strong></span> <span class='ocrx_word' id='word_1_299' title='bbox 704 3343 732 3378; x_wconf 85' lang='lat' dir='ltr'><strong>n</strong></span> <span class='ocrx_word' id='word_1_300' title='bbox 746 3331 771 3388; x_wconf 84' lang='lat'><strong>8,</strong></span> <span class='ocrx_word' id='word_1_301' title='bbox 797 3323 922 3378; x_wconf 74' lang='lat' dir='ltr'><strong>basilius</strong></span> <span class='ocrx_word' id='word_1_302' title='bbox 934 3326 977 3379; x_wconf 87' lang='lat' dir='ltr'><strong>ale</strong></span> <span class='ocrx_word' id='word_1_303' title='bbox 1003 3315 1144 3374; x_wconf 76' lang='lat' dir='ltr'><strong>ecclesiae</strong></span> <span class='ocrx_word' id='word_1_304' title='bbox 1153 3314 1440 3374; x_wconf 79' lang='lat' dir='ltr'><strong>admmlstratronem</strong></span> <span class='ocrx_word' id='word_1_305' title='bbox 1450 3314 1557 3374; x_wconf 86' lang='lat' dir='ltr'><strong>saltem</strong></span> <span class='ocrx_word' id='word_1_306' title='bbox 1569 3317 1645 3374; x_wconf 83' lang='lat' dir='ltr'><strong>tem·</strong></span> 
     </span>
     <span class='ocr_line' id='line_1_32' title="bbox 326 3393 1645 3479; baseline 0.005 -21"><span class='ocrx_word' id='word_1_307' title='bbox 326 3396 386 3450; x_wconf 72' lang='lat' dir='ltr'><strong>den</strong></span> <span class='ocrx_word' id='word_1_308' title='bbox 401 3395 490 3450; x_wconf 67' lang='lat' dir='ltr'><strong>Manu</strong></span> <span class='ocrx_word' id='word_1_309' title='bbox 503 3394 554 3449; x_wconf 86' lang='lat' dir='ltr'><strong>der</strong></span> <span class='ocrx_word' id='word_1_310' title='bbox 562 3395 645 3459; x_wconf 58' lang='lat' dir='ltr'><strong>Thais</strong></span> <span class='ocrx_word' id='word_1_311' title='bbox 659 3394 768 3466; x_wconf 79' lang='lat' dir='ltr'><strong>Gregor</strong></span> <span class='ocrx_word' id='word_1_312' title='bbox 779 3412 837 3449; x_wconf 74' lang='lat' dir='ltr'><strong>V⁰¹¹</strong></span> <span class='ocrx_word' id='word_1_313' title='bbox 850 3393 977 3449; x_wconf 57' lang='lat' dir='ltr'><strong>Num</strong></span> <span class='ocrx_word' id='word_1_314' title='bbox 1004 3403 1150 3479; x_wconf 87' lang='lat' dir='ltr'><strong>porsriem</strong></span> <span class='ocrx_word' id='word_1_315' title='bbox 1166 3402 1296 3464; x_wconf 86' lang='lat' dir='ltr'><strong>admisit.</strong></span> <span class='ocrx_word' id='word_1_316' title='bbox 1328 3403 1401 3462; x_wconf 81' lang='lat' dir='ltr'><strong>Cum</strong></span> <span class='ocrx_word' id='word_1_317' title='bbox 1425 3421 1495 3463; x_wconf 84' lang='lat' dir='ltr'><strong>vero</strong></span> <span class='ocrx_word' id='word_1_318' title='bbox 1509 3404 1645 3466; x_wconf 81' lang='lat' dir='ltr'><strong>concives</strong></span> 
     </span>
    </p>
   </div>
   <div class='ocr_carea' id='block_1_3' title="bbox 327 3463 1645 3606">
    <p class='ocr_par' dir='ltr' id='par_1_4' title="bbox 327 3463 1645 3606">
     <span class='ocr_line' id='line_1_33' title="bbox 328 3463 1645 3569; baseline -0.002 -47"><span class='ocrx_word' id='word_1_319' title='bbox 328 3469 374 3523; x_wconf 89' lang='lat' dir='ltr'><strong>als</strong></span> <span class='ocrx_word' id='word_1_320' title='bbox 386 3467 445 3520; x_wconf 90' lang='lat' dir='ltr'><strong>den</strong></span> <span class='ocrx_word' id='word_1_321' title='bbox 458 3465 575 3521; x_wconf 82' lang='lat' dir='ltr'><strong>Meister</strong></span> <span class='ocrx_word' id='word_1_322' title='bbox 587 3465 636 3520; x_wconf 88' lang='lat' dir='ltr'><strong>des</strong></span> <span class='ocrx_word' id='word_1_323' title='bbox 648 3465 772 3531; x_wconf 86' lang='lat' dir='ltr'><strong>Wortes,</strong></span> <span class='ocrx_word' id='word_1_324' title='bbox 794 3465 855 3520; x_wconf 88' lang='lat' dir='ltr'><strong>und</strong></span> <span class='ocrx_word' id='word_1_325' title='bbox 864 3463 977 3548; x_wconf 80' lang='lat' dir='ltr'><strong>¹Gregor</strong></span> <span class='ocrx_word' id='word_1_326' title='bbox 1003 3493 1215 3553; x_wconf 55' lang='lat' dir='ltr'><strong>cunctarentur</strong></span> <span class='ocrx_word' id='word_1_327' title='bbox 1236 3510 1347 3552; x_wconf 66' lang='lat' dir='ltr'><strong>nomm</strong></span> <span class='ocrx_word' id='word_1_328' title='bbox 1363 3492 1471 3569; x_wconf 55' lang='lat' dir='ltr'>eligere</span> <span class='ocrx_word' id='word_1_329' title='bbox 1485 3494 1645 3568; x_wconf 48' lang='lat' dir='ltr'><strong>pastorem,</strong></span> 
     </span>
     <span class='ocr_line' id='line_1_34' title="bbox 327 3536 976 3606; baseline -0.002 -14"><span class='ocrx_word' id='word_1_330' title='bbox 327 3555 388 3593; x_wconf 84' lang='lat' dir='ltr'><strong>von</strong></span> <span class='ocrx_word' id='word_1_331' title='bbox 401 3538 496 3606; x_wconf 79' lang='lat' dir='ltr'><strong>Nysus</strong></span> <span class='ocrx_word' id='word_1_332' title='bbox 507 3539 550 3594; x_wconf 87' lang='lat' dir='ltr'><strong>ala</strong></span> <span class='ocrx_word' id='word_1_333' title='bbox 562 3537 618 3592; x_wconf 91' lang='lat' dir='ltr'><strong>deu</strong></span> <span class='ocrx_word' id='word_1_334' title='bbox 625 3536 740 3591; x_wconf 82' lang='lat' dir='ltr'><strong>Denlrer</strong></span> <span class='ocrx_word' id='word_1_335' title='bbox 748 3555 784 3590; x_wconf 86' lang='lat' dir='ltr'><strong>zu</strong></span> <span class='ocrx_word' id='word_1_336' title='bbox 795 3537 976 3593; x_wconf 81' lang='lat' dir='ltr'><strong>bezeichnen.</strong></span> 
     </span>
    </p>
   </div>
   <div class='ocr_carea' id='block_1_4' title="bbox 327 3580 1646 3752">
    <p class='ocr_par' dir='ltr' id='par_1_5' title="bbox 327 3580 1646 3752">
     <span class='ocr_line' id='line_1_35' title="bbox 368 3580 1645 3683; baseline -0.014 -27"><span class='ocrx_word' id='word_1_337' title='bbox 368 3613 390 3683; x_wconf 74' lang='lat'><strong>¹)</strong></span> <span class='ocrx_word' id='word_1_338' title='bbox 402 3608 509 3663; x_wconf 82' lang='lat' dir='ltr'><strong>Beuott</strong></span> <span class='ocrx_word' id='word_1_339' title='bbox 518 3608 680 3665; x_wconf 56' lang='lat' dir='ltr'><strong>omnam„</strong></span> <span class='ocrx_word' id='word_1_340' title='bbox 689 3608 786 3663; x_wconf 58' lang='lat' dir='ltr'><strong>Rem,</strong></span> <span class='ocrx_word' id='word_1_341' title='bbox 793 3607 843 3662; x_wconf 57' lang='grc' dir='ltr'><strong>(ιθ,</strong></span> <span class='ocrx_word' id='word_1_342' title='bbox 851 3626 898 3678; x_wconf 87' lang='lat' dir='ltr'><strong>qq.</strong></span> <span class='ocrx_word' id='word_1_343' title='bbox 909 3608 976 3663; x_wconf 49' lang='lat' dir='ltr'><strong>hm</strong></span> <span class='ocrx_word' id='word_1_344' title='bbox 1003 3581 1119 3682; x_wconf 79' lang='lat' dir='ltr'><strong>viribus</strong></span> <span class='ocrx_word' id='word_1_345' title='bbox 1131 3581 1196 3657; x_wconf 86' lang='lat' dir='ltr'><strong>jam</strong></span> <span class='ocrx_word' id='word_1_346' title='bbox 1212 3581 1324 3642; x_wconf 80' lang='lat' dir='ltr'><strong>fractus</strong></span> <span class='ocrx_word' id='word_1_347' title='bbox 1334 3580 1498 3641; x_wconf 84' lang='lat' dir='ltr'><strong>Seleuciam</strong></span> <span class='ocrx_word' id='word_1_348' title='bbox 1512 3580 1645 3644; x_wconf 85' lang='lat' dir='ltr'><strong>Isauriae</strong></span> 
     </span>
     <span class='ocr_line' id='line_1_36' title="bbox 327 3665 1646 3752; baseline -0.016 -15"><span class='ocrx_word' id='word_1_349' title='bbox 327 3688 374 3746; x_wconf 81' lang='lat'><strong>21,</strong></span> <span class='ocrx_word' id='word_1_350' title='bbox 389 3683 515 3737; x_wconf 80' lang='lat'>146-57</span> <span class='ocrx_word' id='word_1_351' title='bbox 534 3696 601 3734; x_wconf 86' lang='lat' dir='ltr'><strong>enm</strong></span> <span class='ocrx_word' id='word_1_352' title='bbox 619 3695 714 3749; x_wconf 91' lang='lat' dir='ltr'><strong>neque</strong></span> <span class='ocrx_word' id='word_1_353' title='bbox 726 3682 794 3734; x_wconf 88' lang='lat' dir='ltr'><strong>ante</strong></span> <span class='ocrx_word' id='word_1_354' title='bbox 806 3697 832 3736; x_wconf 85' lang='lat' dir='ltr'><strong>e.</strong></span> <span class='ocrx_word' id='word_1_355' title='bbox 845 3686 907 3745; x_wconf 81' lang='lat'>324,</span> <span class='ocrx_word' id='word_1_356' title='bbox 928 3697 977 3735; x_wconf 89' lang='lat' dir='ltr'><strong>ne·</strong></span> <span class='ocrx_word' id='word_1_357' title='bbox 1004 3673 1127 3730; x_wconf 80' lang='lat' dir='ltr'><strong>secessit</strong></span> <span class='ocrx_word' id='word_1_358' title='bbox 1143 3666 1197 3752; x_wconf 77' lang='lat'><strong>(37</strong></span> <span class='ocrx_word' id='word_1_359' title='bbox 1204 3665 1246 3751; x_wconf 85' lang='lat'><strong>5),</strong></span> <span class='ocrx_word' id='word_1_360' title='bbox 1266 3671 1425 3746; x_wconf 80' lang='lat' dir='ltr'><strong>ictumque</strong></span> <span class='ocrx_word' id='word_1_361' title='bbox 1440 3670 1533 3730; x_wconf 66' lang='lat' dir='ltr'><strong>moesi</strong></span> <span class='ocrx_word' id='word_1_362' title='bbox 1548 3688 1580 3730; x_wconf 60' lang='grc' dir='ltr'><strong>ηρ</strong></span> <span class='ocrx_word' id='word_1_363' title='bbox 1595 3669 1646 3730; x_wconf 66' lang='lat'><strong>(10.</strong></span> 
     </span>
    </p>
   </div>
   <div class='ocr_carea' id='block_1_5' title="bbox 325 3754 1648 4268">
    <p class='ocr_par' dir='ltr' id='par_1_6' title="bbox 325 3754 1646 3908">
     <span class='ocr_line' id='line_1_37' title="bbox 325 3754 1646 3875; baseline -0.002 -54"><span class='ocrx_word' id='word_1_364' title='bbox 325 3768 389 3821; x_wconf 79' lang='lat' dir='ltr'><strong>que</strong></span> <span class='ocrx_word' id='word_1_365' title='bbox 402 3754 470 3875; x_wconf 56' lang='lat' dir='ltr'><strong>fpssi</strong></span> <span class='ocrx_word' id='word_1_366' title='bbox 482 3767 509 3807; x_wconf 45' lang='grc' dir='ltr'>ἃ</span> <span class='ocrx_word' id='word_1_367' title='bbox 522 3757 575 3834; x_wconf 59' lang='lat'><strong>329</strong></span> <span class='ocrx_word' id='word_1_368' title='bbox 587 3767 646 3806; x_wconf 61' lang='grc' dir='ltr'><strong>ΜΘ</strong></span> <span class='ocrx_word' id='word_1_369' title='bbox 659 3754 770 3835; x_wconf 57' lang='lat' dir='ltr'><strong>mium:</strong></span> <span class='ocrx_word' id='word_1_370' title='bbox 1003 3759 1058 3818; x_wconf 92' lang='lat' dir='ltr'><strong>dit.</strong></span> <span class='ocrx_word' id='word_1_371' title='bbox 1092 3759 1213 3819; x_wconf 88' lang='lat' dir='ltr'><strong>Summo</strong></span> <span class='ocrx_word' id='word_1_372' title='bbox 1236 3776 1369 3818; x_wconf 89' lang='lat' dir='ltr'><strong>moerore</strong></span> <span class='ocrx_word' id='word_1_373' title='bbox 1391 3758 1515 3818; x_wconf 81' lang='lat' dir='ltr'><strong>effectus</strong></span> <span class='ocrx_word' id='word_1_374' title='bbox 1538 3761 1586 3819; x_wconf 89' lang='lat' dir='ltr'><strong>eet</strong></span> <span class='ocrx_word' id='word_1_375' title='bbox 1608 3759 1646 3818; x_wconf 92' lang='lat' dir='ltr'><strong>cb</strong></span> 
     </span>
     <span class='ocr_line' id='line_1_38' title="bbox 366 3821 1646 3908; baseline 0 -1"><span class='ocrx_word' id='word_1_376' title='bbox 366 3821 976 3906; x_wconf 57' lang='lat' dir='ltr'><strong>lmi0f01112r²i2l0³11e1010ei02e</strong></span> <span class='ocrx_word' id='word_1_377' title='bbox 1004 3847 1149 3908; x_wconf 74' lang='lat' dir='ltr'><strong>umerum</strong></span> <span class='ocrx_word' id='word_1_378' title='bbox 1171 3847 1276 3908; x_wconf 80' lang='lat' dir='ltr'><strong>mortis</strong></span> <span class='ocrx_word' id='word_1_379' title='bbox 1299 3847 1446 3907; x_wconf 65' lang='lat' dir='ltr'><strong>eruanimi</strong></span> <span class='ocrx_word' id='word_1_380' title='bbox 1464 3845 1646 3908; x_wconf 65' lang='lat' dir='ltr'><strong>sconsum-</strong></span> 
     </span>
    </p>

    <p class='ocr_par' dir='ltr' id='par_1_7' title="bbox 326 3893 1626 3965">
     <span class='ocr_line' id='line_1_39' title="bbox 326 3893 1626 3965; baseline -0.001 -16"><span class='ocrx_word' id='word_1_381' title='bbox 326 3910 461 3949; x_wconf 86' lang='lat' dir='ltr'><strong>sarrus</strong></span> <span class='ocrx_word' id='word_1_382' title='bbox 479 3893 655 3965; x_wconf 79' lang='lat' dir='ltr'><strong>professione</strong></span> <span class='ocrx_word' id='word_1_383' title='bbox 668 3893 795 3949; x_wconf 77' lang='lat' dir='ltr'><strong>medicus</strong></span> <span class='ocrx_word' id='word_1_384' title='bbox 808 3895 897 3949; x_wconf 80' lang='lat' dir='ltr'><strong>velun</strong></span> <span class='ocrx_word' id='word_1_385' title='bbox 910 3895 977 3950; x_wconf 84' lang='lat' dir='ltr'><strong>sula</strong></span> <span class='ocrx_word' id='word_1_386' title='bbox 1135 3936 1142 3950; x_wconf 90' lang='lat'><strong>.</strong></span> <span class='ocrx_word' id='word_1_387' title='bbox 1165 3937 1171 3949; x_wconf 94' lang='lat'><strong>.</strong></span> <span class='ocrx_word' id='word_1_388' title='bbox 1518 3935 1524 3948; x_wconf 89' lang='lat'>.</span> <span class='ocrx_word' id='word_1_389' title='bbox 1620 3937 1626 3948; x_wconf 94' lang='lat'>.</span> 
     </span>
    </p>

    <p class='ocr_par' dir='ltr' id='par_1_8' title="bbox 326 3931 1648 4036">
     <span class='ocr_line' id='line_1_40' title="bbox 326 3931 1648 4036; baseline -0.002 -17"><span class='ocrx_word' id='word_1_390' title='bbox 326 3964 370 4020; x_wconf 87' lang='lat' dir='ltr'><strong>im</strong></span> <span class='ocrx_word' id='word_1_391' title='bbox 444 3968 549 4030; x_wconf 85' lang='lat' dir='ltr'><strong>torum,</strong></span> <span class='ocrx_word' id='word_1_392' title='bbox 576 3966 654 4019; x_wconf 90' lang='lat' dir='ltr'><strong>unde</strong></span> <span class='ocrx_word' id='word_1_393' title='bbox 684 3965 798 4036; x_wconf 80' lang='lat' dir='ltr'><strong>mugnis</strong></span> <span class='ocrx_word' id='word_1_394' title='bbox 819 3963 977 4021; x_wconf 90' lang='lat' dir='ltr'><strong>honoribus</strong></span> <span class='ocrx_word' id='word_1_395' title='bbox 1004 3955 1064 4014; x_wconf 75' lang='lat' dir='ltr'><strong>‘lue</strong></span> <span class='ocrx_word' id='word_1_396' title='bbox 1086 3955 1174 3996; x_wconf 62' lang='lat' dir='ltr'><strong>amm</strong></span> <span class='ocrx_word' id='word_1_397' title='bbox 1196 3936 1302 3998; x_wconf 60' lang='lat' dir='ltr'><strong>B⁸i¹h¹</strong></span> <span class='ocrx_word' id='word_1_398' title='bbox 1324 3931 1415 4018; x_wconf 78' lang='lat'>(379)</span> <span class='ocrx_word' id='word_1_399' title='bbox 1439 3953 1528 4012; x_wconf 62' lang='lat' dir='ltr'><strong>qm</strong></span> <span class='ocrx_word' id='word_1_400' title='bbox 1549 3935 1648 3996; x_wconf 68' lang='lat' dir='ltr'><strong>m0d¹²</strong></span> 
     </span>
    </p>

    <p class='ocr_par' dir='ltr' id='par_1_9' title="bbox 326 4025 1330 4105">
     <span class='ocr_line' id='line_1_41' title="bbox 326 4025 1330 4105; baseline -0.005 -14"><span class='ocrx_word' id='word_1_401' title='bbox 326 4037 376 4091; x_wconf 77' lang='lat' dir='ltr'><strong>fui</strong></span> <span class='ocrx_word' id='word_1_402' title='bbox 408 4040 528 4096; x_wconf 75' lang='lat' dir='ltr'><strong>suctus:</strong></span> <span class='ocrx_word' id='word_1_403' title='bbox 542 4053 559 4089; x_wconf 82' lang='lat' dir='ltr'><strong>s</strong></span> <span class='ocrx_word' id='word_1_404' title='bbox 571 4036 693 4091; x_wconf 86' lang='lat' dir='ltr'><strong>Valente</strong></span> <span class='ocrx_word' id='word_1_405' title='bbox 706 4036 801 4092; x_wconf 80' lang='lat' dir='ltr'><strong>lactus</strong></span> <span class='ocrx_word' id='word_1_406' title='bbox 814 4039 858 4090; x_wconf 91' lang='lat' dir='ltr'><strong>cst</strong></span> <span class='ocrx_word' id='word_1_407' title='bbox 878 4035 975 4105; x_wconf 79' lang='lat' dir='ltr'><strong>Bithy·</strong></span> <span class='ocrx_word' id='word_1_408' title='bbox 1003 4029 1089 4102; x_wconf 75' lang='lat' dir='ltr'><strong>parte</strong></span> <span class='ocrx_word' id='word_1_409' title='bbox 1105 4043 1160 4086; x_wconf 83' lang='lat' dir='ltr'><strong>sua</strong></span> <span class='ocrx_word' id='word_1_410' title='bbox 1174 4025 1330 4090; x_wconf 67' lang='lat' dir='ltr'><strong>multatus.</strong></span> 
     </span>
    </p>

    <p class='ocr_par' dir='ltr' id='par_1_10' title="bbox 325 4106 977 4179">
     <span class='ocr_line' id='line_1_42' title="bbox 325 4106 977 4179; baseline -0.005 -17"><span class='ocrx_word' id='word_1_411' title='bbox 325 4109 397 4162; x_wconf 83' lang='lat' dir='ltr'><strong>niae</strong></span> <span class='ocrx_word' id='word_1_412' title='bbox 411 4108 583 4179; x_wconf 79' lang='lat' dir='ltr'><strong>praefectus.</strong></span> <span class='ocrx_word' id='word_1_413' title='bbox 596 4107 650 4163; x_wconf 88' lang='lat' dir='ltr'><strong>Vel</strong></span> <span class='ocrx_word' id='word_1_414' title='bbox 661 4106 694 4162; x_wconf 92' lang='lat' dir='ltr'><strong>in</strong></span> <span class='ocrx_word' id='word_1_415' title='bbox 706 4108 774 4162; x_wconf 83' lang='lat' dir='ltr'><strong>culn</strong></span> <span class='ocrx_word' id='word_1_416' title='bbox 786 4107 804 4161; x_wconf 87' lang='lat' dir='ltr'><strong>J</strong></span> <span class='ocrx_word' id='word_1_417' title='bbox 806 4107 899 4162; x_wconf 82' lang='lat' dir='ltr'><strong>uliani</strong></span> <span class='ocrx_word' id='word_1_418' title='bbox 910 4123 977 4179; x_wconf 85' lang='lat' dir='ltr'><strong>apo·</strong></span> 
     </span>
    </p>

    <p class='ocr_par' dir='ltr' id='par_1_11' title="bbox 326 4178 1647 4268">
     <span class='ocr_line' id='line_1_43' title="bbox 326 4178 1647 4268; baseline -0.004 -34"><span class='ocrx_word' id='word_1_419' title='bbox 326 4182 424 4234; x_wconf 68' lang='lat' dir='ltr'><strong>editae</strong></span> <span class='ocrx_word' id='word_1_420' title='bbox 444 4181 562 4233; x_wconf 65' lang='lat' dir='ltr'><strong>suenus</strong></span> <span class='ocrx_word' id='word_1_421' title='bbox 581 4179 666 4234; x_wconf 86' lang='lat' dir='ltr'><strong>fldem</strong></span> <span class='ocrx_word' id='word_1_422' title='bbox 683 4178 816 4236; x_wconf 78' lang='lat' dir='ltr'><strong>seruerit</strong></span> <span class='ocrx_word' id='word_1_423' title='bbox 841 4178 978 4234; x_wconf 85' lang='lat' dir='ltr'><strong>Precibus</strong></span> <span class='ocrx_word' id='word_1_424' title='bbox 1052 4213 1102 4268; x_wconf 44' lang='lat'><strong>87·</strong></span> <span class='ocrx_word' id='word_1_425' title='bbox 1119 4203 1303 4264; x_wconf 52' lang='lat' dir='ltr'>Tristissima</span> <span class='ocrx_word' id='word_1_426' title='bbox 1325 4203 1447 4263; x_wconf 44' lang='lat' dir='ltr'><strong>interim</strong></span> <span class='ocrx_word' id='word_1_427' title='bbox 1469 4203 1533 4263; x_wconf 58' lang='lat' dir='ltr'><strong>om</strong></span> <span class='ocrx_word' id='word_1_428' title='bbox 1555 4204 1647 4264; x_wconf 49' lang='lat' dir='ltr'><strong>eoele-</strong></span> 
     </span>
    </p>
   </div>
   <div class='ocr_carea' id='block_1_6' title="bbox 305 4243 1646 4394">
    <p class='ocr_par' dir='ltr' id='par_1_12' title="bbox 305 4243 1646 4394">
     <span class='ocr_line' id='line_1_44' title="bbox 305 4243 1547 4333; baseline -0.014 -25"><span class='ocrx_word' id='word_1_429' title='bbox 305 4243 309 4248; x_wconf 66' lang='grc'><strong>’</strong></span> <span class='ocrx_word' id='word_1_430' title='bbox 326 4249 508 4332; x_wconf 68' lang='lat' dir='ltr'><strong>monitisque</strong></span> <span class='ocrx_word' id='word_1_431' title='bbox 522 4254 673 4321; x_wconf 87' lang='lat' dir='ltr'><strong>parentum</strong></span> <span class='ocrx_word' id='word_1_432' title='bbox 693 4250 849 4333; x_wconf 67' lang='lat' dir='ltr'><strong>fisumque</strong></span> <span class='ocrx_word' id='word_1_433' title='bbox 868 4250 904 4304; x_wconf 86' lang='lat' dir='ltr'><strong>de</strong></span> <span class='ocrx_word' id='word_1_434' title='bbox 916 4249 977 4304; x_wconf 89' lang='lat' dir='ltr'><strong>ani-</strong></span> <span class='ocrx_word' id='word_1_435' title='bbox 1021 4293 1028 4306; x_wconf 89' lang='lat'><em>.</em></span> <span class='ocrx_word' id='word_1_436' title='bbox 1224 4293 1230 4306; x_wconf 84' lang='lat'>,</span> <span class='ocrx_word' id='word_1_437' title='bbox 1326 4292 1332 4306; x_wconf 84' lang='grc'><strong>,</strong></span> <span class='ocrx_word' id='word_1_438' title='bbox 1516 4292 1547 4305; x_wconf 85' lang='lat'><strong>..</strong></span> 
     </span>
     <span class='ocr_line' id='line_1_45' title="bbox 325 4291 1646 4394; baseline -0.012 -26"><span class='ocrx_word' id='word_1_439' title='bbox 325 4339 392 4380; x_wconf 65' lang='lat' dir='ltr'><strong>me</strong></span> <span class='ocrx_word' id='word_1_440' title='bbox 405 4339 500 4394; x_wconf 51' lang='lat' dir='ltr'><strong>spem,</strong></span> <span class='ocrx_word' id='word_1_441' title='bbox 512 4323 605 4377; x_wconf 60' lang='lat' dir='ltr'><strong>,21th</strong></span> <span class='ocrx_word' id='word_1_442' title='bbox 616 4321 738 4378; x_wconf 56' lang='lat' dir='ltr'><strong>maxime</strong></span> <span class='ocrx_word' id='word_1_443' title='bbox 748 4322 939 4378; x_wconf 57' lang='lat' dir='ltr'>,offlmwfflm</span> <span class='ocrx_word' id='word_1_444' title='bbox 948 4322 979 4376; x_wconf 54' lang='lat' dir='ltr'><strong>,p</strong></span> <span class='ocrx_word' id='word_1_445' title='bbox 1005 4312 1067 4353; x_wconf 80' lang='lat' dir='ltr'><strong>erae</strong></span> <span class='ocrx_word' id='word_1_446' title='bbox 1083 4292 1422 4369; x_wconf 79' lang='lat' dir='ltr'><strong>constantinopohtsuae</strong></span> <span class='ocrx_word' id='word_1_447' title='bbox 1438 4291 1568 4352; x_wconf 79' lang='lat' dir='ltr'><strong>conditio</strong></span> <span class='ocrx_word' id='word_1_448' title='bbox 1589 4294 1646 4352; x_wconf 92' lang='lat' dir='ltr'><strong>sub</strong></span> 
     </span>
    </p>
   </div>
   <div class='ocr_carea' id='block_1_7' title="bbox 325 4380 1647 4545">
    <p class='ocr_par' dir='ltr' id='par_1_13' title="bbox 325 4380 1647 4545">
     <span class='ocr_line' id='line_1_46' title="bbox 325 4380 1646 4466; baseline -0.007 -15"><span class='ocrx_word' id='word_1_449' title='bbox 325 4393 461 4466; x_wconf 85' lang='lat' dir='ltr'><strong>periculo</strong></span> <span class='ocrx_word' id='word_1_450' title='bbox 486 4392 564 4447; x_wconf 81' lang='lat' dir='ltr'><strong>vitae</strong></span> <span class='ocrx_word' id='word_1_451' title='bbox 589 4393 736 4449; x_wconf 73' lang='lat' dir='ltr'><strong>occasione</strong></span> <span class='ocrx_word' id='word_1_452' title='bbox 760 4396 853 4448; x_wconf 81' lang='lat' dir='ltr'><strong>terres</strong></span> <span class='ocrx_word' id='word_1_453' title='bbox 883 4393 978 4448; x_wconf 84' lang='lat' dir='ltr'><strong>motus</strong></span> <span class='ocrx_word' id='word_1_454' title='bbox 1005 4382 1130 4442; x_wconf 85' lang='lat' dir='ltr'><strong>Valente</strong></span> <span class='ocrx_word' id='word_1_455' title='bbox 1145 4383 1216 4459; x_wconf 90' lang='lat' dir='ltr'><strong>imp.</strong></span> <span class='ocrx_word' id='word_1_456' title='bbox 1231 4381 1354 4458; x_wconf 90' lang='lat' dir='ltr'><strong>penitus</strong></span> <span class='ocrx_word' id='word_1_457' title='bbox 1370 4381 1486 4441; x_wconf 76' lang='lat' dir='ltr'><strong>ariano:</strong></span> <span class='ocrx_word' id='word_1_458' title='bbox 1509 4380 1581 4442; x_wconf 90' lang='lat' dir='ltr'><strong>fides</strong></span> <span class='ocrx_word' id='word_1_459' title='bbox 1597 4401 1646 4442; x_wconf 83' lang='lat' dir='ltr'><strong>er-</strong></span> 
     </span>
     <span class='ocr_line' id='line_1_47' title="bbox 326 4463 1647 4545; baseline -0.005 -8"><span class='ocrx_word' id='word_1_460' title='bbox 326 4465 450 4519; x_wconf 57' lang='lat' dir='ltr'><strong>*mim</strong></span> <span class='ocrx_word' id='word_1_461' title='bbox 462 4463 603 4535; x_wconf 56' lang='lat' dir='ltr'><strong>wtifflfii</strong></span> <span class='ocrx_word' id='word_1_462' title='bbox 614 4464 650 4519; x_wconf 73' lang='lat'><strong>‘¹⁰</strong></span> <span class='ocrx_word' id='word_1_463' title='bbox 663 4463 888 4536; x_wconf 85' lang='lat' dir='ltr'><strong>derelinquenda</strong></span> <span class='ocrx_word' id='word_1_464' title='bbox 900 4465 977 4519; x_wconf 57' lang='lat'>⁸¹¹1&amp;</span> <span class='ocrx_word' id='word_1_465' title='bbox 1005 4471 1124 4532; x_wconf 86' lang='lat' dir='ltr'><strong>sulabat</strong></span> <span class='ocrx_word' id='word_1_466' title='bbox 1147 4471 1316 4542; x_wconf 86' lang='lat' dir='ltr'><strong>orthodoxa,</strong></span> <span class='ocrx_word' id='word_1_467' title='bbox 1342 4469 1427 4529; x_wconf 89' lang='lat' dir='ltr'><strong>nulla</strong></span> <span class='ocrx_word' id='word_1_468' title='bbox 1450 4469 1578 4545; x_wconf 88' lang='lat' dir='ltr'><strong>amplius</strong></span> <span class='ocrx_word' id='word_1_469' title='bbox 1600 4488 1647 4530; x_wconf 87' lang='lat' dir='ltr'><strong>re·</strong></span> 
     </span>
    </p>
   </div>
   <div class='ocr_carea' id='block_1_8' title="bbox 326 4535 1647 4680">
    <p class='ocr_par' dir='ltr' id='par_1_14' title="bbox 326 4535 1647 4680">
     <span class='ocr_line' id='line_1_48' title="bbox 326 4535 1647 4680; baseline -0.002 -60"><span class='ocrx_word' id='word_1_470' title='bbox 326 4535 978 4680; x_wconf 48' lang='lat' dir='ltr'><strong>{gliffi‘fggguvflefssffimgffoffiffiffi</strong></span> <span class='ocrx_word' id='word_1_471' title='bbox 1004 4560 1078 4620; x_wconf 91' lang='lat' dir='ltr'><strong>licta</strong></span> <span class='ocrx_word' id='word_1_472' title='bbox 1098 4559 1158 4619; x_wconf 83' lang='lat' dir='ltr'><strong>lirit</strong></span> <span class='ocrx_word' id='word_1_473' title='bbox 1180 4560 1266 4620; x_wconf 84' lang='lat' dir='ltr'><strong>sedes</strong></span> <span class='ocrx_word' id='word_1_474' title='bbox 1288 4577 1371 4618; x_wconf 85' lang='lat' dir='ltr'><strong>sacro</strong></span> <span class='ocrx_word' id='word_1_475' title='bbox 1386 4557 1547 4617; x_wconf 89' lang='lat' dir='ltr'><strong>catholicis.</strong></span> <span class='ocrx_word' id='word_1_476' title='bbox 1570 4558 1647 4636; x_wconf 77' lang='lat' dir='ltr'><strong>seg-</strong></span> 
     </span>
    </p>
   </div>
   <div class='ocr_carea' id='block_1_9' title="bbox 324 4646 1648 5174">
    <p class='ocr_par' dir='ltr' id='par_1_15' title="bbox 324 4646 1648 5174">
     <span class='ocr_line' id='line_1_49' title="bbox 324 4646 1647 4750; baseline -0.005 -39"><span class='ocrx_word' id='word_1_477' title='bbox 324 4680 385 4734; x_wconf 66' lang='lat' dir='ltr'><strong>,ub</strong></span> <span class='ocrx_word' id='word_1_478' title='bbox 396 4677 585 4750; x_wconf 59' lang='lat' dir='ltr'><strong>ejmomm</strong></span> <span class='ocrx_word' id='word_1_479' title='bbox 596 4681 707 4748; x_wconf 52' lang='lat' dir='ltr'><strong>Mom-</strong></span> <span class='ocrx_word' id='word_1_480' title='bbox 718 4680 822 4733; x_wconf 60' lang='lat' dir='ltr'><strong>lym</strong></span> <span class='ocrx_word' id='word_1_481' title='bbox 835 4677 978 4746; x_wconf 51' lang='lat' dir='ltr'><strong>qum„</strong></span> <span class='ocrx_word' id='word_1_482' title='bbox 1004 4651 1095 4708; x_wconf 88' lang='lat' dir='ltr'><strong>nante</strong></span> <span class='ocrx_word' id='word_1_483' title='bbox 1114 4649 1177 4726; x_wconf 88' lang='lat' dir='ltr'><strong>jam</strong></span> <span class='ocrx_word' id='word_1_484' title='bbox 1200 4647 1362 4708; x_wconf 80' lang='lat' dir='ltr'><strong>Theodosio</strong></span> <span class='ocrx_word' id='word_1_485' title='bbox 1385 4663 1452 4722; x_wconf 90' lang='lat' dir='ltr'><strong>spes</strong></span> <span class='ocrx_word' id='word_1_486' title='bbox 1475 4646 1578 4706; x_wconf 82' lang='lat' dir='ltr'><strong>illuxit</strong></span> <span class='ocrx_word' id='word_1_487' title='bbox 1598 4664 1647 4705; x_wconf 88' lang='lat' dir='ltr'><strong>re·</strong></span> 
     </span>
     <span class='ocr_line' id='line_1_50' title="bbox 325 4735 1647 4832; baseline -0.007 -25"><span class='ocrx_word' id='word_1_488' title='bbox 325 4766 380 4808; x_wconf 85' lang='lat' dir='ltr'><strong>nes</strong></span> <span class='ocrx_word' id='word_1_489' title='bbox 393 4753 424 4832; x_wconf 79' lang='lat' dir='ltr'><strong>et</strong></span> <span class='ocrx_word' id='word_1_490' title='bbox 435 4748 637 4831; x_wconf 73' lang='lat' dir='ltr'><strong>responsiones</strong></span> <span class='ocrx_word' id='word_1_491' title='bbox 659 4749 816 4820; x_wconf 80' lang='lat' dir='ltr'><strong>theologici</strong></span> <span class='ocrx_word' id='word_1_492' title='bbox 836 4750 867 4803; x_wconf 90' lang='lat' dir='ltr'><strong>ct</strong></span> <span class='ocrx_word' id='word_1_493' title='bbox 885 4750 977 4831; x_wconf 68' lang='lat' dir='ltr'><strong>philo3</strong></span> <span class='ocrx_word' id='word_1_494' title='bbox 1005 4736 1201 4798; x_wconf 66' lang='lat' dir='ltr'><strong>matutimis</strong></span> <span class='ocrx_word' id='word_1_495' title='bbox 1211 4736 1279 4796; x_wconf 83' lang='lat' dir='ltr'><strong>fidei</strong></span> <span class='ocrx_word' id='word_1_496' title='bbox 1290 4735 1459 4796; x_wconf 82' lang='lat' dir='ltr'><strong>catholicae.</strong></span> <span class='ocrx_word' id='word_1_497' title='bbox 1476 4736 1647 4798; x_wconf 71' lang='lat' dir='ltr'><strong>summitur</strong></span> 
     </span>
     <span class='ocr_line' id='line_1_51' title="bbox 325 4820 1488 4971; baseline -0.01 -23"><span class='ocrx_word' id='word_1_498' title='bbox 325 4820 976 4947; x_wconf 52' lang='lat' dir='ltr'><strong>”rw</strong></span> <span class='ocrx_word' id='word_1_499' title='bbox 1005 4879 1167 4890; x_wconf 90' lang='lat'><strong>--</strong></span> <span class='ocrx_word' id='word_1_500' title='bbox 1303 4959 1309 4971; x_wconf 52' lang='grc'><strong>,</strong></span> <span class='ocrx_word' id='word_1_501' title='bbox 1482 4957 1488 4970; x_wconf 50' lang='grc'><strong>,</strong></span> 
     </span>
     <span class='ocr_line' id='line_1_52' title="bbox 326 4961 1648 5034; baseline -0.003 -14"><span class='ocrx_word' id='word_1_502' title='bbox 326 4966 438 5020; x_wconf 76' lang='lat' dir='ltr'><strong>centur.</strong></span> <span class='ocrx_word' id='word_1_503' title='bbox 451 4962 663 5034; x_wconf 83' lang='lat' dir='ltr'><strong>Essrepcriess</strong></span> <span class='ocrx_word' id='word_1_504' title='bbox 684 4963 725 5018; x_wconf 92' lang='lat' dir='ltr'><strong>ud</strong></span> <span class='ocrx_word' id='word_1_505' title='bbox 735 4961 977 5027; x_wconf 74' lang='lat' dir='ltr'><strong>Gallaudrvl,</strong></span> <span class='ocrx_word' id='word_1_506' title='bbox 1044 4966 1063 5034; x_wconf 83' lang='lat'><strong>¹)</strong></span> <span class='ocrx_word' id='word_1_507' title='bbox 1077 4961 1146 5026; x_wconf 73' lang='lat' dir='ltr'><strong>Rem</strong></span> <span class='ocrx_word' id='word_1_508' title='bbox 1159 4961 1247 5016; x_wconf 87' lang='lat' dir='ltr'><strong>habes</strong></span> <span class='ocrx_word' id='word_1_509' title='bbox 1259 4961 1348 5016; x_wconf 79' lang='lat' dir='ltr'><strong>ntus</strong></span> <span class='ocrx_word' id='word_1_510' title='bbox 1362 4973 1471 5016; x_wconf 82' lang='lat' dir='ltr'><strong>versem</strong></span> <span class='ocrx_word' id='word_1_511' title='bbox 1480 4961 1648 5032; x_wconf 79' lang='lat' dir='ltr'><strong>interopus·</strong></span> 
     </span>
     <span class='ocr_line' id='line_1_53' title="bbox 330 5029 1648 5106; baseline -0.002 -14"><span class='ocrx_word' id='word_1_512' title='bbox 330 5041 454 5095; x_wconf 58' lang='lat' dir='ltr'><strong>l÷152;</strong></span> <span class='ocrx_word' id='word_1_513' title='bbox 477 5033 605 5106; x_wconf 79' lang='lat' dir='ltr'><strong>Migne</strong></span> <span class='ocrx_word' id='word_1_514' title='bbox 624 5034 655 5088; x_wconf 83' lang='lat' dir='ltr'><strong>P.</strong></span> <span class='ocrx_word' id='word_1_515' title='bbox 694 5034 868 5100; x_wconf 82' lang='lat' dir='ltr'>.XXXVIII,</span> <span class='ocrx_word' id='word_1_516' title='bbox 888 5041 976 5091; x_wconf 86' lang='lat'>851-</span> <span class='ocrx_word' id='word_1_517' title='bbox 1004 5031 1196 5090; x_wconf 84' lang='lat' dir='ltr'><strong>culaenobis</strong></span> <span class='ocrx_word' id='word_1_518' title='bbox 1215 5029 1293 5086; x_wconf 81' lang='lat' dir='ltr'><strong>edite</strong></span> <span class='ocrx_word' id='word_1_519' title='bbox 1313 5030 1369 5096; x_wconf 83' lang='lat' dir='ltr'><strong>XL,</strong></span> <span class='ocrx_word' id='word_1_520' title='bbox 1391 5037 1511 5093; x_wconf 82' lang='lat'>1—119;</span> <span class='ocrx_word' id='word_1_521' title='bbox 1532 5031 1648 5090; x_wconf 88' lang='lat' dir='ltr'><strong>seorsim</strong></span> 
     </span>
     <span class='ocr_line' id='line_1_54' title="bbox 329 5100 1610 5174; baseline -0.002 -10"><span class='ocrx_word' id='word_1_522' title='bbox 329 5112 410 5164; x_wconf 81' lang='lat'>1190.</span> <span class='ocrx_word' id='word_1_523' title='bbox 437 5105 480 5160; x_wconf 74' lang='lat' dir='ltr'><strong>Of.</strong></span> <span class='ocrx_word' id='word_1_524' title='bbox 493 5104 510 5159; x_wconf 87' lang='lat' dir='ltr'>J</span> <span class='ocrx_word' id='word_1_525' title='bbox 518 5106 647 5162; x_wconf 79' lang='lat' dir='ltr'><strong>ochum</strong></span> <span class='ocrx_word' id='word_1_526' title='bbox 658 5105 716 5159; x_wconf 65' lang='grc' dir='ltr'><strong>ΚΒ.</strong></span> <span class='ocrx_word' id='word_1_527' title='bbox 730 5106 765 5172; x_wconf 76' lang='grc' dir='ltr'><strong>Π,</strong></span> <span class='ocrx_word' id='word_1_528' title='bbox 780 5112 858 5164; x_wconf 88' lang='grc'><strong>1660.</strong></span> <span class='ocrx_word' id='word_1_529' title='bbox 1005 5103 1098 5160; x_wconf 85' lang='lat' dir='ltr'><strong>edidit</strong></span> <span class='ocrx_word' id='word_1_530' title='bbox 1110 5105 1140 5159; x_wconf 86' lang='lat' dir='ltr'><strong>et</strong></span> <span class='ocrx_word' id='word_1_531' title='bbox 1151 5104 1270 5173; x_wconf 78' lang='lat' dir='ltr'><strong>Alsog</strong></span> <span class='ocrx_word' id='word_1_532' title='bbox 1282 5100 1418 5174; x_wconf 80' lang='lat' dir='ltr'><strong>Friburgi</strong></span> <span class='ocrx_word' id='word_1_533' title='bbox 1432 5109 1519 5166; x_wconf 74' lang='lat'>1858:</span> <span class='ocrx_word' id='word_1_534' title='bbox 1533 5108 1610 5162; x_wconf 71' lang='grc'><strong>1868</strong></span> 
     </span>
    </p>
   </div>
   <div class='ocr_carea' id='block_1_10' title="bbox 1450 5197 1466 5249">
    <p class='ocr_par' dir='ltr' id='par_1_16' title="bbox 1450 5197 1466 5249">
     <span class='ocr_line' id='line_1_55' title="bbox 1450 5197 1466 5249; baseline 0 0"><span class='ocrx_word' id='word_1_535' title='bbox 1450 5197 1466 5249; x_wconf 88' lang='grc'>6</span> 
     </span>
    </p>
   </div>
   <div class='ocr_carea' id='block_1_11' title="bbox 0 0 2064 5842">
    <p class='ocr_par' dir='ltr' id='par_1_17' title="bbox 0 0 2064 5842">
     <span class='ocr_line' id='line_1_56' title="bbox 0 0 2064 5842; baseline 0 0"><span class='ocrx_word' id='word_1_536' title='bbox 0 0 2064 5842; x_wconf 95' lang='lat' dir='ltr'><strong> </strong></span> 
     </span>
    </p>
   </div>
  </div>
 </body>
</html>
